
<ENVELOPE>
  <HEADER>
    <TALLYREQUEST>Import Data</TALLYREQUEST> 
  </HEADER>
  <BODY>
  <IMPORTDATA>
  <REQUESTDESC>
    <REPORTNAME>All Masters</REPORTNAME> 
    <STATICVARIABLES>
      <SVCURRENTCOMPANY>KC 07-08 - (Open,Current)</SVCURRENTCOMPANY> 
    </STATICVARIABLES>
  </REQUESTDESC>
  <REQUESTDATA>
<TALLYMESSAGE xmlns:UDF="TallyUDF">
<VOUCHER REMOTEID="c4aab193-f0e4-4462-8e73-304da9931651-00009214" VCHTYPE="Sales" ACTION="Create">
<DATE>06/06/2018</DATE>
<NARRATION>Auto on 26/06/2018 Party : MEW ENGINEERING WORKS PVT. LTD.</NARRATION>
<VOUCHERTYPENAME>Sales</VOUCHERTYPENAME>
<VOUCHERNUMBER>009214</VOUCHERNUMBER>
<PARTYLEDGERNAME>MEW ENGINEERING WORKS PVT. LTD.</PARTYLEDGERNAME>
  <CSTFORMISSUETYPE /> 
  <CSTFORMRECVTYPE /> 
  <FBTPAYMENTTYPE>Default</FBTPAYMENTTYPE> 
  <VCHGSTCLASS /> 
  <DIFFACTUALQTY>No</DIFFACTUALQTY> 
  <AUDITED>No</AUDITED> 
  <FORJOBCOSTING>No</FORJOBCOSTING> 
  <ISOPTIONAL>NO</ISOPTIONAL> 
  <EFFECTIVEDATE>06/06/2018</EFFECTIVEDATE> 
  <USEFORINTEREST>No</USEFORINTEREST> 
  <USEFORGAINLOSS>No</USEFORGAINLOSS> 
  <USEFORGODOWNTRANSFER>No</USEFORGODOWNTRANSFER> 
  <USEFORCOMPOUND>No</USEFORCOMPOUND> 
  <ALTERID></ALTERID> 
  <EXCISEOPENING>No</EXCISEOPENING> 
  <ISCANCELLED>NO</ISCANCELLED> 
  <HASCASHFLOW>No</HASCASHFLOW> 
  <ISPOSTDATED>NO</ISPOSTDATED> 
  <USETRACKINGNUMBER>NO</USETRACKINGNUMBER> 
  <ISINVOICE>No</ISINVOICE> 
  <MFGJOURNAL>No</MFGJOURNAL> 
  <HASDISCOUNTS>No</HASDISCOUNTS> 
  <ASPAYSLIP>No</ASPAYSLIP> 
  <ISDELETED>No</ISDELETED> 
  <ASORIGINAL>No</ASORIGINAL> 
<ALLLEDGERENTRIES.LIST>
<LEDGERNAME>MEW ENGINEERING WORKS PVT. LTD.</LEDGERNAME> 
<GSTCLASS /> 
<ISDEEMEDPOSITIVE>YES</ISDEEMEDPOSITIVE> 
<LEDGERFROMITEM>No</LEDGERFROMITEM> 
<REMOVEZEROENTRIES>No</REMOVEZEROENTRIES> 
<ISPARTYLEDGER>Yes</ISPARTYLEDGER> 
<AMOUNT>-3683</AMOUNT> 
    <BILLALLOCATIONS.LIST>
      <NAME>009214</NAME> 
      <BILLCREDITPERIOD>0Days</BILLCREDITPERIOD> 
      <BILLTYPE>New Ref</BILLTYPE> 
      <AMOUNT>-3683</AMOUNT> 
    </BILLALLOCATIONS.LIST>
</ALLLEDGERENTRIES.LIST>
<ALLLEDGERENTRIES.LIST>
<LEDGERNAME>[21] OMS Sale 18% GST                             </LEDGERNAME> 
<GSTCLASS /> 
<ISDEEMEDPOSITIVE>NO</ISDEEMEDPOSITIVE> 
<LEDGERFROMITEM>No</LEDGERFROMITEM> 
<REMOVEZEROENTRIES>No</REMOVEZEROENTRIES> 
<ISPARTYLEDGER>Yes</ISPARTYLEDGER> 
<AMOUNT>3120.70</AMOUNT> 
</ALLLEDGERENTRIES.LIST>
<ALLLEDGERENTRIES.LIST>
<LEDGERNAME>[22] 18% IGST Output Tax                          </LEDGERNAME> 
<GSTCLASS /> 
<ISDEEMEDPOSITIVE>NO</ISDEEMEDPOSITIVE> 
<LEDGERFROMITEM>No</LEDGERFROMITEM> 
<REMOVEZEROENTRIES>No</REMOVEZEROENTRIES> 
<ISPARTYLEDGER>Yes</ISPARTYLEDGER> 
<AMOUNT>562</AMOUNT> 
</ALLLEDGERENTRIES.LIST>
<ALLLEDGERENTRIES.LIST>
<LEDGERNAME>vatav kasar</LEDGERNAME> 
<GSTCLASS /> 
<ISDEEMEDPOSITIVE>NO</ISDEEMEDPOSITIVE> 
<LEDGERFROMITEM>No</LEDGERFROMITEM> 
<REMOVEZEROENTRIES>No</REMOVEZEROENTRIES> 
<ISPARTYLEDGER>Yes</ISPARTYLEDGER> 
<AMOUNT>0.30</AMOUNT> 
</ALLLEDGERENTRIES.LIST>
</VOUCHER>
</TALLYMESSAGE>
<TALLYMESSAGE xmlns:UDF="TallyUDF">
<VOUCHER REMOTEID="c4aab193-f0e4-4462-8e73-304da9931651-00009215" VCHTYPE="Sales" ACTION="Create">
<DATE>08/06/2018</DATE>
<NARRATION>Auto on 26/06/2018 Party : SANJAY TRADING CORP.NARYAN DHRU ST.</NARRATION>
<VOUCHERTYPENAME>Sales</VOUCHERTYPENAME>
<VOUCHERNUMBER>009215</VOUCHERNUMBER>
<PARTYLEDGERNAME>SANJAY TRADING CORP.NARYAN DHRU ST.</PARTYLEDGERNAME>
  <CSTFORMISSUETYPE /> 
  <CSTFORMRECVTYPE /> 
  <FBTPAYMENTTYPE>Default</FBTPAYMENTTYPE> 
  <VCHGSTCLASS /> 
  <DIFFACTUALQTY>No</DIFFACTUALQTY> 
  <AUDITED>No</AUDITED> 
  <FORJOBCOSTING>No</FORJOBCOSTING> 
  <ISOPTIONAL>NO</ISOPTIONAL> 
  <EFFECTIVEDATE>08/06/2018</EFFECTIVEDATE> 
  <USEFORINTEREST>No</USEFORINTEREST> 
  <USEFORGAINLOSS>No</USEFORGAINLOSS> 
  <USEFORGODOWNTRANSFER>No</USEFORGODOWNTRANSFER> 
  <USEFORCOMPOUND>No</USEFORCOMPOUND> 
  <ALTERID></ALTERID> 
  <EXCISEOPENING>No</EXCISEOPENING> 
  <ISCANCELLED>NO</ISCANCELLED> 
  <HASCASHFLOW>No</HASCASHFLOW> 
  <ISPOSTDATED>NO</ISPOSTDATED> 
  <USETRACKINGNUMBER>NO</USETRACKINGNUMBER> 
  <ISINVOICE>No</ISINVOICE> 
  <MFGJOURNAL>No</MFGJOURNAL> 
  <HASDISCOUNTS>No</HASDISCOUNTS> 
  <ASPAYSLIP>No</ASPAYSLIP> 
  <ISDELETED>No</ISDELETED> 
  <ASORIGINAL>No</ASORIGINAL> 
<ALLLEDGERENTRIES.LIST>
<LEDGERNAME>SANJAY TRADING CORP.NARYAN DHRU ST.</LEDGERNAME> 
<GSTCLASS /> 
<ISDEEMEDPOSITIVE>YES</ISDEEMEDPOSITIVE> 
<LEDGERFROMITEM>No</LEDGERFROMITEM> 
<REMOVEZEROENTRIES>No</REMOVEZEROENTRIES> 
<ISPARTYLEDGER>Yes</ISPARTYLEDGER> 
<AMOUNT>-17842</AMOUNT> 
    <BILLALLOCATIONS.LIST>
      <NAME>009215</NAME> 
      <BILLCREDITPERIOD>0Days</BILLCREDITPERIOD> 
      <BILLTYPE>New Ref</BILLTYPE> 
      <AMOUNT>-17842</AMOUNT> 
    </BILLALLOCATIONS.LIST>
</ALLLEDGERENTRIES.LIST>
<ALLLEDGERENTRIES.LIST>
<LEDGERNAME>[01] Local Sales 18% GST                          </LEDGERNAME> 
<GSTCLASS /> 
<ISDEEMEDPOSITIVE>NO</ISDEEMEDPOSITIVE> 
<LEDGERFROMITEM>No</LEDGERFROMITEM> 
<REMOVEZEROENTRIES>No</REMOVEZEROENTRIES> 
<ISPARTYLEDGER>Yes</ISPARTYLEDGER> 
<AMOUNT>15120.00</AMOUNT> 
</ALLLEDGERENTRIES.LIST>
<ALLLEDGERENTRIES.LIST>
<LEDGERNAME>[02] 9% CGST Output                               </LEDGERNAME> 
<GSTCLASS /> 
<ISDEEMEDPOSITIVE>NO</ISDEEMEDPOSITIVE> 
<LEDGERFROMITEM>No</LEDGERFROMITEM> 
<REMOVEZEROENTRIES>No</REMOVEZEROENTRIES> 
<ISPARTYLEDGER>Yes</ISPARTYLEDGER> 
<AMOUNT>1361</AMOUNT> 
</ALLLEDGERENTRIES.LIST>
<ALLLEDGERENTRIES.LIST>
<LEDGERNAME>[03] 9% SGST Output                               </LEDGERNAME> 
<GSTCLASS /> 
<ISDEEMEDPOSITIVE>NO</ISDEEMEDPOSITIVE> 
<LEDGERFROMITEM>No</LEDGERFROMITEM> 
<REMOVEZEROENTRIES>No</REMOVEZEROENTRIES> 
<ISPARTYLEDGER>Yes</ISPARTYLEDGER> 
<AMOUNT>1361</AMOUNT> 
</ALLLEDGERENTRIES.LIST>
</VOUCHER>
</TALLYMESSAGE>
<TALLYMESSAGE xmlns:UDF="TallyUDF">
<VOUCHER REMOTEID="c4aab193-f0e4-4462-8e73-304da9931651-00009216" VCHTYPE="Sales" ACTION="Create">
<DATE>11/06/2018</DATE>
<NARRATION>Auto on 26/06/2018 Party : ROYAL INDUSTRIES.</NARRATION>
<VOUCHERTYPENAME>Sales</VOUCHERTYPENAME>
<VOUCHERNUMBER>009216</VOUCHERNUMBER>
<PARTYLEDGERNAME>ROYAL INDUSTRIES.</PARTYLEDGERNAME>
  <CSTFORMISSUETYPE /> 
  <CSTFORMRECVTYPE /> 
  <FBTPAYMENTTYPE>Default</FBTPAYMENTTYPE> 
  <VCHGSTCLASS /> 
  <DIFFACTUALQTY>No</DIFFACTUALQTY> 
  <AUDITED>No</AUDITED> 
  <FORJOBCOSTING>No</FORJOBCOSTING> 
  <ISOPTIONAL>NO</ISOPTIONAL> 
  <EFFECTIVEDATE>11/06/2018</EFFECTIVEDATE> 
  <USEFORINTEREST>No</USEFORINTEREST> 
  <USEFORGAINLOSS>No</USEFORGAINLOSS> 
  <USEFORGODOWNTRANSFER>No</USEFORGODOWNTRANSFER> 
  <USEFORCOMPOUND>No</USEFORCOMPOUND> 
  <ALTERID></ALTERID> 
  <EXCISEOPENING>No</EXCISEOPENING> 
  <ISCANCELLED>NO</ISCANCELLED> 
  <HASCASHFLOW>No</HASCASHFLOW> 
  <ISPOSTDATED>NO</ISPOSTDATED> 
  <USETRACKINGNUMBER>NO</USETRACKINGNUMBER> 
  <ISINVOICE>No</ISINVOICE> 
  <MFGJOURNAL>No</MFGJOURNAL> 
  <HASDISCOUNTS>No</HASDISCOUNTS> 
  <ASPAYSLIP>No</ASPAYSLIP> 
  <ISDELETED>No</ISDELETED> 
  <ASORIGINAL>No</ASORIGINAL> 
<ALLLEDGERENTRIES.LIST>
<LEDGERNAME>ROYAL INDUSTRIES.</LEDGERNAME> 
<GSTCLASS /> 
<ISDEEMEDPOSITIVE>YES</ISDEEMEDPOSITIVE> 
<LEDGERFROMITEM>No</LEDGERFROMITEM> 
<REMOVEZEROENTRIES>No</REMOVEZEROENTRIES> 
<ISPARTYLEDGER>Yes</ISPARTYLEDGER> 
<AMOUNT>-1991</AMOUNT> 
    <BILLALLOCATIONS.LIST>
      <NAME>009216</NAME> 
      <BILLCREDITPERIOD>0Days</BILLCREDITPERIOD> 
      <BILLTYPE>New Ref</BILLTYPE> 
      <AMOUNT>-1991</AMOUNT> 
    </BILLALLOCATIONS.LIST>
</ALLLEDGERENTRIES.LIST>
<ALLLEDGERENTRIES.LIST>
<LEDGERNAME>[01] Local Sales 18% GST                          </LEDGERNAME> 
<GSTCLASS /> 
<ISDEEMEDPOSITIVE>NO</ISDEEMEDPOSITIVE> 
<LEDGERFROMITEM>No</LEDGERFROMITEM> 
<REMOVEZEROENTRIES>No</REMOVEZEROENTRIES> 
<ISPARTYLEDGER>Yes</ISPARTYLEDGER> 
<AMOUNT>1687.00</AMOUNT> 
</ALLLEDGERENTRIES.LIST>
<ALLLEDGERENTRIES.LIST>
<LEDGERNAME>[02] 9% CGST Output                               </LEDGERNAME> 
<GSTCLASS /> 
<ISDEEMEDPOSITIVE>NO</ISDEEMEDPOSITIVE> 
<LEDGERFROMITEM>No</LEDGERFROMITEM> 
<REMOVEZEROENTRIES>No</REMOVEZEROENTRIES> 
<ISPARTYLEDGER>Yes</ISPARTYLEDGER> 
<AMOUNT>152</AMOUNT> 
</ALLLEDGERENTRIES.LIST>
<ALLLEDGERENTRIES.LIST>
<LEDGERNAME>[03] 9% SGST Output                               </LEDGERNAME> 
<GSTCLASS /> 
<ISDEEMEDPOSITIVE>NO</ISDEEMEDPOSITIVE> 
<LEDGERFROMITEM>No</LEDGERFROMITEM> 
<REMOVEZEROENTRIES>No</REMOVEZEROENTRIES> 
<ISPARTYLEDGER>Yes</ISPARTYLEDGER> 
<AMOUNT>152</AMOUNT> 
</ALLLEDGERENTRIES.LIST>
</VOUCHER>
</TALLYMESSAGE>
<TALLYMESSAGE xmlns:UDF="TallyUDF">
<VOUCHER REMOTEID="c4aab193-f0e4-4462-8e73-304da9931651-00009217" VCHTYPE="Sales" ACTION="Create">
<DATE>12/06/2018</DATE>
<NARRATION>Auto on 26/06/2018 Party : JOSHI ENGINEERING</NARRATION>
<VOUCHERTYPENAME>Sales</VOUCHERTYPENAME>
<VOUCHERNUMBER>009217</VOUCHERNUMBER>
<PARTYLEDGERNAME>JOSHI ENGINEERING</PARTYLEDGERNAME>
  <CSTFORMISSUETYPE /> 
  <CSTFORMRECVTYPE /> 
  <FBTPAYMENTTYPE>Default</FBTPAYMENTTYPE> 
  <VCHGSTCLASS /> 
  <DIFFACTUALQTY>No</DIFFACTUALQTY> 
  <AUDITED>No</AUDITED> 
  <FORJOBCOSTING>No</FORJOBCOSTING> 
  <ISOPTIONAL>NO</ISOPTIONAL> 
  <EFFECTIVEDATE>12/06/2018</EFFECTIVEDATE> 
  <USEFORINTEREST>No</USEFORINTEREST> 
  <USEFORGAINLOSS>No</USEFORGAINLOSS> 
  <USEFORGODOWNTRANSFER>No</USEFORGODOWNTRANSFER> 
  <USEFORCOMPOUND>No</USEFORCOMPOUND> 
  <ALTERID></ALTERID> 
  <EXCISEOPENING>No</EXCISEOPENING> 
  <ISCANCELLED>NO</ISCANCELLED> 
  <HASCASHFLOW>No</HASCASHFLOW> 
  <ISPOSTDATED>NO</ISPOSTDATED> 
  <USETRACKINGNUMBER>NO</USETRACKINGNUMBER> 
  <ISINVOICE>No</ISINVOICE> 
  <MFGJOURNAL>No</MFGJOURNAL> 
  <HASDISCOUNTS>No</HASDISCOUNTS> 
  <ASPAYSLIP>No</ASPAYSLIP> 
  <ISDELETED>No</ISDELETED> 
  <ASORIGINAL>No</ASORIGINAL> 
<ALLLEDGERENTRIES.LIST>
<LEDGERNAME>JOSHI ENGINEERING</LEDGERNAME> 
<GSTCLASS /> 
<ISDEEMEDPOSITIVE>YES</ISDEEMEDPOSITIVE> 
<LEDGERFROMITEM>No</LEDGERFROMITEM> 
<REMOVEZEROENTRIES>No</REMOVEZEROENTRIES> 
<ISPARTYLEDGER>Yes</ISPARTYLEDGER> 
<AMOUNT>-4941</AMOUNT> 
    <BILLALLOCATIONS.LIST>
      <NAME>009217</NAME> 
      <BILLCREDITPERIOD>0Days</BILLCREDITPERIOD> 
      <BILLTYPE>New Ref</BILLTYPE> 
      <AMOUNT>-4941</AMOUNT> 
    </BILLALLOCATIONS.LIST>
</ALLLEDGERENTRIES.LIST>
<ALLLEDGERENTRIES.LIST>
<LEDGERNAME>[01] Local Sales 18% GST                          </LEDGERNAME> 
<GSTCLASS /> 
<ISDEEMEDPOSITIVE>NO</ISDEEMEDPOSITIVE> 
<LEDGERFROMITEM>No</LEDGERFROMITEM> 
<REMOVEZEROENTRIES>No</REMOVEZEROENTRIES> 
<ISPARTYLEDGER>Yes</ISPARTYLEDGER> 
<AMOUNT>4186.80</AMOUNT> 
</ALLLEDGERENTRIES.LIST>
<ALLLEDGERENTRIES.LIST>
<LEDGERNAME>[02] 9% CGST Output                               </LEDGERNAME> 
<GSTCLASS /> 
<ISDEEMEDPOSITIVE>NO</ISDEEMEDPOSITIVE> 
<LEDGERFROMITEM>No</LEDGERFROMITEM> 
<REMOVEZEROENTRIES>No</REMOVEZEROENTRIES> 
<ISPARTYLEDGER>Yes</ISPARTYLEDGER> 
<AMOUNT>377</AMOUNT> 
</ALLLEDGERENTRIES.LIST>
<ALLLEDGERENTRIES.LIST>
<LEDGERNAME>[03] 9% SGST Output                               </LEDGERNAME> 
<GSTCLASS /> 
<ISDEEMEDPOSITIVE>NO</ISDEEMEDPOSITIVE> 
<LEDGERFROMITEM>No</LEDGERFROMITEM> 
<REMOVEZEROENTRIES>No</REMOVEZEROENTRIES> 
<ISPARTYLEDGER>Yes</ISPARTYLEDGER> 
<AMOUNT>377</AMOUNT> 
</ALLLEDGERENTRIES.LIST>
<ALLLEDGERENTRIES.LIST>
<LEDGERNAME>vatav kasar</LEDGERNAME> 
<GSTCLASS /> 
<ISDEEMEDPOSITIVE>NO</ISDEEMEDPOSITIVE> 
<LEDGERFROMITEM>No</LEDGERFROMITEM> 
<REMOVEZEROENTRIES>No</REMOVEZEROENTRIES> 
<ISPARTYLEDGER>Yes</ISPARTYLEDGER> 
<AMOUNT>0.20</AMOUNT> 
</ALLLEDGERENTRIES.LIST>
</VOUCHER>
</TALLYMESSAGE>
<TALLYMESSAGE xmlns:UDF="TallyUDF">
<VOUCHER REMOTEID="c4aab193-f0e4-4462-8e73-304da9931651-00009218" VCHTYPE="Sales" ACTION="Create">
<DATE>13/06/2018</DATE>
<NARRATION>Auto on 26/06/2018 Party : ASBESTOS AND ALLIEDS.</NARRATION>
<VOUCHERTYPENAME>Sales</VOUCHERTYPENAME>
<VOUCHERNUMBER>009218</VOUCHERNUMBER>
<PARTYLEDGERNAME>ASBESTOS AND ALLIEDS.</PARTYLEDGERNAME>
  <CSTFORMISSUETYPE /> 
  <CSTFORMRECVTYPE /> 
  <FBTPAYMENTTYPE>Default</FBTPAYMENTTYPE> 
  <VCHGSTCLASS /> 
  <DIFFACTUALQTY>No</DIFFACTUALQTY> 
  <AUDITED>No</AUDITED> 
  <FORJOBCOSTING>No</FORJOBCOSTING> 
  <ISOPTIONAL>NO</ISOPTIONAL> 
  <EFFECTIVEDATE>13/06/2018</EFFECTIVEDATE> 
  <USEFORINTEREST>No</USEFORINTEREST> 
  <USEFORGAINLOSS>No</USEFORGAINLOSS> 
  <USEFORGODOWNTRANSFER>No</USEFORGODOWNTRANSFER> 
  <USEFORCOMPOUND>No</USEFORCOMPOUND> 
  <ALTERID></ALTERID> 
  <EXCISEOPENING>No</EXCISEOPENING> 
  <ISCANCELLED>NO</ISCANCELLED> 
  <HASCASHFLOW>No</HASCASHFLOW> 
  <ISPOSTDATED>NO</ISPOSTDATED> 
  <USETRACKINGNUMBER>NO</USETRACKINGNUMBER> 
  <ISINVOICE>No</ISINVOICE> 
  <MFGJOURNAL>No</MFGJOURNAL> 
  <HASDISCOUNTS>No</HASDISCOUNTS> 
  <ASPAYSLIP>No</ASPAYSLIP> 
  <ISDELETED>No</ISDELETED> 
  <ASORIGINAL>No</ASORIGINAL> 
<ALLLEDGERENTRIES.LIST>
<LEDGERNAME>ASBESTOS AND ALLIEDS.</LEDGERNAME> 
<GSTCLASS /> 
<ISDEEMEDPOSITIVE>YES</ISDEEMEDPOSITIVE> 
<LEDGERFROMITEM>No</LEDGERFROMITEM> 
<REMOVEZEROENTRIES>No</REMOVEZEROENTRIES> 
<ISPARTYLEDGER>Yes</ISPARTYLEDGER> 
<AMOUNT>-4996</AMOUNT> 
    <BILLALLOCATIONS.LIST>
      <NAME>009218</NAME> 
      <BILLCREDITPERIOD>0Days</BILLCREDITPERIOD> 
      <BILLTYPE>New Ref</BILLTYPE> 
      <AMOUNT>-4996</AMOUNT> 
    </BILLALLOCATIONS.LIST>
</ALLLEDGERENTRIES.LIST>
<ALLLEDGERENTRIES.LIST>
<LEDGERNAME>[01] Local Sales 18% GST                          </LEDGERNAME> 
<GSTCLASS /> 
<ISDEEMEDPOSITIVE>NO</ISDEEMEDPOSITIVE> 
<LEDGERFROMITEM>No</LEDGERFROMITEM> 
<REMOVEZEROENTRIES>No</REMOVEZEROENTRIES> 
<ISPARTYLEDGER>Yes</ISPARTYLEDGER> 
<AMOUNT>4234.15</AMOUNT> 
</ALLLEDGERENTRIES.LIST>
<ALLLEDGERENTRIES.LIST>
<LEDGERNAME>[02] 9% CGST Output                               </LEDGERNAME> 
<GSTCLASS /> 
<ISDEEMEDPOSITIVE>NO</ISDEEMEDPOSITIVE> 
<LEDGERFROMITEM>No</LEDGERFROMITEM> 
<REMOVEZEROENTRIES>No</REMOVEZEROENTRIES> 
<ISPARTYLEDGER>Yes</ISPARTYLEDGER> 
<AMOUNT>381</AMOUNT> 
</ALLLEDGERENTRIES.LIST>
<ALLLEDGERENTRIES.LIST>
<LEDGERNAME>[03] 9% SGST Output                               </LEDGERNAME> 
<GSTCLASS /> 
<ISDEEMEDPOSITIVE>NO</ISDEEMEDPOSITIVE> 
<LEDGERFROMITEM>No</LEDGERFROMITEM> 
<REMOVEZEROENTRIES>No</REMOVEZEROENTRIES> 
<ISPARTYLEDGER>Yes</ISPARTYLEDGER> 
<AMOUNT>381</AMOUNT> 
</ALLLEDGERENTRIES.LIST>
<ALLLEDGERENTRIES.LIST>
<LEDGERNAME>vatav kasar</LEDGERNAME> 
<GSTCLASS /> 
<ISDEEMEDPOSITIVE>NO</ISDEEMEDPOSITIVE> 
<LEDGERFROMITEM>No</LEDGERFROMITEM> 
<REMOVEZEROENTRIES>No</REMOVEZEROENTRIES> 
<ISPARTYLEDGER>Yes</ISPARTYLEDGER> 
<AMOUNT>-0.15</AMOUNT> 
</ALLLEDGERENTRIES.LIST>
</VOUCHER>
</TALLYMESSAGE>
<TALLYMESSAGE xmlns:UDF="TallyUDF">
<VOUCHER REMOTEID="c4aab193-f0e4-4462-8e73-304da9931651-00009219" VCHTYPE="Sales" ACTION="Create">
<DATE>19/06/2018</DATE>
<NARRATION>Auto on 26/06/2018 Party : RPC ENGINEERS.</NARRATION>
<VOUCHERTYPENAME>Sales</VOUCHERTYPENAME>
<VOUCHERNUMBER>009219</VOUCHERNUMBER>
<PARTYLEDGERNAME>RPC ENGINEERS.</PARTYLEDGERNAME>
  <CSTFORMISSUETYPE /> 
  <CSTFORMRECVTYPE /> 
  <FBTPAYMENTTYPE>Default</FBTPAYMENTTYPE> 
  <VCHGSTCLASS /> 
  <DIFFACTUALQTY>No</DIFFACTUALQTY> 
  <AUDITED>No</AUDITED> 
  <FORJOBCOSTING>No</FORJOBCOSTING> 
  <ISOPTIONAL>NO</ISOPTIONAL> 
  <EFFECTIVEDATE>19/06/2018</EFFECTIVEDATE> 
  <USEFORINTEREST>No</USEFORINTEREST> 
  <USEFORGAINLOSS>No</USEFORGAINLOSS> 
  <USEFORGODOWNTRANSFER>No</USEFORGODOWNTRANSFER> 
  <USEFORCOMPOUND>No</USEFORCOMPOUND> 
  <ALTERID></ALTERID> 
  <EXCISEOPENING>No</EXCISEOPENING> 
  <ISCANCELLED>NO</ISCANCELLED> 
  <HASCASHFLOW>No</HASCASHFLOW> 
  <ISPOSTDATED>NO</ISPOSTDATED> 
  <USETRACKINGNUMBER>NO</USETRACKINGNUMBER> 
  <ISINVOICE>No</ISINVOICE> 
  <MFGJOURNAL>No</MFGJOURNAL> 
  <HASDISCOUNTS>No</HASDISCOUNTS> 
  <ASPAYSLIP>No</ASPAYSLIP> 
  <ISDELETED>No</ISDELETED> 
  <ASORIGINAL>No</ASORIGINAL> 
<ALLLEDGERENTRIES.LIST>
<LEDGERNAME>RPC ENGINEERS.</LEDGERNAME> 
<GSTCLASS /> 
<ISDEEMEDPOSITIVE>YES</ISDEEMEDPOSITIVE> 
<LEDGERFROMITEM>No</LEDGERFROMITEM> 
<REMOVEZEROENTRIES>No</REMOVEZEROENTRIES> 
<ISPARTYLEDGER>Yes</ISPARTYLEDGER> 
<AMOUNT>-4948</AMOUNT> 
    <BILLALLOCATIONS.LIST>
      <NAME>009219</NAME> 
      <BILLCREDITPERIOD>0Days</BILLCREDITPERIOD> 
      <BILLTYPE>New Ref</BILLTYPE> 
      <AMOUNT>-4948</AMOUNT> 
    </BILLALLOCATIONS.LIST>
</ALLLEDGERENTRIES.LIST>
<ALLLEDGERENTRIES.LIST>
<LEDGERNAME>[01] Local Sales 18% GST                          </LEDGERNAME> 
<GSTCLASS /> 
<ISDEEMEDPOSITIVE>NO</ISDEEMEDPOSITIVE> 
<LEDGERFROMITEM>No</LEDGERFROMITEM> 
<REMOVEZEROENTRIES>No</REMOVEZEROENTRIES> 
<ISPARTYLEDGER>Yes</ISPARTYLEDGER> 
<AMOUNT>4194.00</AMOUNT> 
</ALLLEDGERENTRIES.LIST>
<ALLLEDGERENTRIES.LIST>
<LEDGERNAME>[02] 9% CGST Output                               </LEDGERNAME> 
<GSTCLASS /> 
<ISDEEMEDPOSITIVE>NO</ISDEEMEDPOSITIVE> 
<LEDGERFROMITEM>No</LEDGERFROMITEM> 
<REMOVEZEROENTRIES>No</REMOVEZEROENTRIES> 
<ISPARTYLEDGER>Yes</ISPARTYLEDGER> 
<AMOUNT>377</AMOUNT> 
</ALLLEDGERENTRIES.LIST>
<ALLLEDGERENTRIES.LIST>
<LEDGERNAME>[03] 9% SGST Output                               </LEDGERNAME> 
<GSTCLASS /> 
<ISDEEMEDPOSITIVE>NO</ISDEEMEDPOSITIVE> 
<LEDGERFROMITEM>No</LEDGERFROMITEM> 
<REMOVEZEROENTRIES>No</REMOVEZEROENTRIES> 
<ISPARTYLEDGER>Yes</ISPARTYLEDGER> 
<AMOUNT>377</AMOUNT> 
</ALLLEDGERENTRIES.LIST>
</VOUCHER>
</TALLYMESSAGE>
<TALLYMESSAGE xmlns:UDF="TallyUDF">
<VOUCHER REMOTEID="c4aab193-f0e4-4462-8e73-304da9931651-00009220" VCHTYPE="Sales" ACTION="Create">
<DATE>20/06/2018</DATE>
<NARRATION>Auto on 26/06/2018 Party : JOSHI ENGINEERING.</NARRATION>
<VOUCHERTYPENAME>Sales</VOUCHERTYPENAME>
<VOUCHERNUMBER>009220</VOUCHERNUMBER>
<PARTYLEDGERNAME>JOSHI ENGINEERING.</PARTYLEDGERNAME>
  <CSTFORMISSUETYPE /> 
  <CSTFORMRECVTYPE /> 
  <FBTPAYMENTTYPE>Default</FBTPAYMENTTYPE> 
  <VCHGSTCLASS /> 
  <DIFFACTUALQTY>No</DIFFACTUALQTY> 
  <AUDITED>No</AUDITED> 
  <FORJOBCOSTING>No</FORJOBCOSTING> 
  <ISOPTIONAL>NO</ISOPTIONAL> 
  <EFFECTIVEDATE>20/06/2018</EFFECTIVEDATE> 
  <USEFORINTEREST>No</USEFORINTEREST> 
  <USEFORGAINLOSS>No</USEFORGAINLOSS> 
  <USEFORGODOWNTRANSFER>No</USEFORGODOWNTRANSFER> 
  <USEFORCOMPOUND>No</USEFORCOMPOUND> 
  <ALTERID></ALTERID> 
  <EXCISEOPENING>No</EXCISEOPENING> 
  <ISCANCELLED>NO</ISCANCELLED> 
  <HASCASHFLOW>No</HASCASHFLOW> 
  <ISPOSTDATED>NO</ISPOSTDATED> 
  <USETRACKINGNUMBER>NO</USETRACKINGNUMBER> 
  <ISINVOICE>No</ISINVOICE> 
  <MFGJOURNAL>No</MFGJOURNAL> 
  <HASDISCOUNTS>No</HASDISCOUNTS> 
  <ASPAYSLIP>No</ASPAYSLIP> 
  <ISDELETED>No</ISDELETED> 
  <ASORIGINAL>No</ASORIGINAL> 
<ALLLEDGERENTRIES.LIST>
<LEDGERNAME>JOSHI ENGINEERING.</LEDGERNAME> 
<GSTCLASS /> 
<ISDEEMEDPOSITIVE>YES</ISDEEMEDPOSITIVE> 
<LEDGERFROMITEM>No</LEDGERFROMITEM> 
<REMOVEZEROENTRIES>No</REMOVEZEROENTRIES> 
<ISPARTYLEDGER>Yes</ISPARTYLEDGER> 
<AMOUNT>-18216</AMOUNT> 
    <BILLALLOCATIONS.LIST>
      <NAME>009220</NAME> 
      <BILLCREDITPERIOD>0Days</BILLCREDITPERIOD> 
      <BILLTYPE>New Ref</BILLTYPE> 
      <AMOUNT>-18216</AMOUNT> 
    </BILLALLOCATIONS.LIST>
</ALLLEDGERENTRIES.LIST>
<ALLLEDGERENTRIES.LIST>
<LEDGERNAME>[01] Local Sales 18% GST                          </LEDGERNAME> 
<GSTCLASS /> 
<ISDEEMEDPOSITIVE>NO</ISDEEMEDPOSITIVE> 
<LEDGERFROMITEM>No</LEDGERFROMITEM> 
<REMOVEZEROENTRIES>No</REMOVEZEROENTRIES> 
<ISPARTYLEDGER>Yes</ISPARTYLEDGER> 
<AMOUNT>15438.40</AMOUNT> 
</ALLLEDGERENTRIES.LIST>
<ALLLEDGERENTRIES.LIST>
<LEDGERNAME>[02] 9% CGST Output                               </LEDGERNAME> 
<GSTCLASS /> 
<ISDEEMEDPOSITIVE>NO</ISDEEMEDPOSITIVE> 
<LEDGERFROMITEM>No</LEDGERFROMITEM> 
<REMOVEZEROENTRIES>No</REMOVEZEROENTRIES> 
<ISPARTYLEDGER>Yes</ISPARTYLEDGER> 
<AMOUNT>1389</AMOUNT> 
</ALLLEDGERENTRIES.LIST>
<ALLLEDGERENTRIES.LIST>
<LEDGERNAME>[03] 9% SGST Output                               </LEDGERNAME> 
<GSTCLASS /> 
<ISDEEMEDPOSITIVE>NO</ISDEEMEDPOSITIVE> 
<LEDGERFROMITEM>No</LEDGERFROMITEM> 
<REMOVEZEROENTRIES>No</REMOVEZEROENTRIES> 
<ISPARTYLEDGER>Yes</ISPARTYLEDGER> 
<AMOUNT>1389</AMOUNT> 
</ALLLEDGERENTRIES.LIST>
<ALLLEDGERENTRIES.LIST>
<LEDGERNAME>vatav kasar</LEDGERNAME> 
<GSTCLASS /> 
<ISDEEMEDPOSITIVE>NO</ISDEEMEDPOSITIVE> 
<LEDGERFROMITEM>No</LEDGERFROMITEM> 
<REMOVEZEROENTRIES>No</REMOVEZEROENTRIES> 
<ISPARTYLEDGER>Yes</ISPARTYLEDGER> 
<AMOUNT>-0.40</AMOUNT> 
</ALLLEDGERENTRIES.LIST>
</VOUCHER>
</TALLYMESSAGE>
<TALLYMESSAGE xmlns:UDF="TallyUDF">
<VOUCHER REMOTEID="c4aab193-f0e4-4462-8e73-304da9931651-00009221" VCHTYPE="Sales" ACTION="Create">
<DATE>22/06/2018</DATE>
<NARRATION>Auto on 26/06/2018 Party : C.P.VALVES INDUSTRY.</NARRATION>
<VOUCHERTYPENAME>Sales</VOUCHERTYPENAME>
<VOUCHERNUMBER>009221</VOUCHERNUMBER>
<PARTYLEDGERNAME>C.P.VALVES INDUSTRY.</PARTYLEDGERNAME>
  <CSTFORMISSUETYPE /> 
  <CSTFORMRECVTYPE /> 
  <FBTPAYMENTTYPE>Default</FBTPAYMENTTYPE> 
  <VCHGSTCLASS /> 
  <DIFFACTUALQTY>No</DIFFACTUALQTY> 
  <AUDITED>No</AUDITED> 
  <FORJOBCOSTING>No</FORJOBCOSTING> 
  <ISOPTIONAL>NO</ISOPTIONAL> 
  <EFFECTIVEDATE>22/06/2018</EFFECTIVEDATE> 
  <USEFORINTEREST>No</USEFORINTEREST> 
  <USEFORGAINLOSS>No</USEFORGAINLOSS> 
  <USEFORGODOWNTRANSFER>No</USEFORGODOWNTRANSFER> 
  <USEFORCOMPOUND>No</USEFORCOMPOUND> 
  <ALTERID></ALTERID> 
  <EXCISEOPENING>No</EXCISEOPENING> 
  <ISCANCELLED>NO</ISCANCELLED> 
  <HASCASHFLOW>No</HASCASHFLOW> 
  <ISPOSTDATED>NO</ISPOSTDATED> 
  <USETRACKINGNUMBER>NO</USETRACKINGNUMBER> 
  <ISINVOICE>No</ISINVOICE> 
  <MFGJOURNAL>No</MFGJOURNAL> 
  <HASDISCOUNTS>No</HASDISCOUNTS> 
  <ASPAYSLIP>No</ASPAYSLIP> 
  <ISDELETED>No</ISDELETED> 
  <ASORIGINAL>No</ASORIGINAL> 
<ALLLEDGERENTRIES.LIST>
<LEDGERNAME>C.P.VALVES INDUSTRY.</LEDGERNAME> 
<GSTCLASS /> 
<ISDEEMEDPOSITIVE>YES</ISDEEMEDPOSITIVE> 
<LEDGERFROMITEM>No</LEDGERFROMITEM> 
<REMOVEZEROENTRIES>No</REMOVEZEROENTRIES> 
<ISPARTYLEDGER>Yes</ISPARTYLEDGER> 
<AMOUNT>-1822</AMOUNT> 
    <BILLALLOCATIONS.LIST>
      <NAME>009221</NAME> 
      <BILLCREDITPERIOD>0Days</BILLCREDITPERIOD> 
      <BILLTYPE>New Ref</BILLTYPE> 
      <AMOUNT>-1822</AMOUNT> 
    </BILLALLOCATIONS.LIST>
</ALLLEDGERENTRIES.LIST>
<ALLLEDGERENTRIES.LIST>
<LEDGERNAME>[01] Local Sales 18% GST                          </LEDGERNAME> 
<GSTCLASS /> 
<ISDEEMEDPOSITIVE>NO</ISDEEMEDPOSITIVE> 
<LEDGERFROMITEM>No</LEDGERFROMITEM> 
<REMOVEZEROENTRIES>No</REMOVEZEROENTRIES> 
<ISPARTYLEDGER>Yes</ISPARTYLEDGER> 
<AMOUNT>1543.75</AMOUNT> 
</ALLLEDGERENTRIES.LIST>
<ALLLEDGERENTRIES.LIST>
<LEDGERNAME>[02] 9% CGST Output                               </LEDGERNAME> 
<GSTCLASS /> 
<ISDEEMEDPOSITIVE>NO</ISDEEMEDPOSITIVE> 
<LEDGERFROMITEM>No</LEDGERFROMITEM> 
<REMOVEZEROENTRIES>No</REMOVEZEROENTRIES> 
<ISPARTYLEDGER>Yes</ISPARTYLEDGER> 
<AMOUNT>139</AMOUNT> 
</ALLLEDGERENTRIES.LIST>
<ALLLEDGERENTRIES.LIST>
<LEDGERNAME>[03] 9% SGST Output                               </LEDGERNAME> 
<GSTCLASS /> 
<ISDEEMEDPOSITIVE>NO</ISDEEMEDPOSITIVE> 
<LEDGERFROMITEM>No</LEDGERFROMITEM> 
<REMOVEZEROENTRIES>No</REMOVEZEROENTRIES> 
<ISPARTYLEDGER>Yes</ISPARTYLEDGER> 
<AMOUNT>139</AMOUNT> 
</ALLLEDGERENTRIES.LIST>
<ALLLEDGERENTRIES.LIST>
<LEDGERNAME>vatav kasar</LEDGERNAME> 
<GSTCLASS /> 
<ISDEEMEDPOSITIVE>NO</ISDEEMEDPOSITIVE> 
<LEDGERFROMITEM>No</LEDGERFROMITEM> 
<REMOVEZEROENTRIES>No</REMOVEZEROENTRIES> 
<ISPARTYLEDGER>Yes</ISPARTYLEDGER> 
<AMOUNT>0.25</AMOUNT> 
</ALLLEDGERENTRIES.LIST>
</VOUCHER>
</TALLYMESSAGE>
  </REQUESTDATA>
  </IMPORTDATA>
  </BODY>
  </ENVELOPE>