
<ENVELOPE>
  <HEADER>
    <TALLYREQUEST>Import Data</TALLYREQUEST> 
  </HEADER>
  <BODY>
  <IMPORTDATA>
  <REQUESTDESC>
    <REPORTNAME>All Masters</REPORTNAME> 
    <STATICVARIABLES>
      <SVCURRENTCOMPANY>KC 07-08 - (Open,Current)</SVCURRENTCOMPANY> 
    </STATICVARIABLES>
  </REQUESTDESC>
  <REQUESTDATA>
<TALLYMESSAGE xmlns:UDF="TallyUDF">
<VOUCHER REMOTEID="c4aab193-f0e4-4462-8e73-304da9931651-00012107" VCHTYPE="Sales" ACTION="Create">
<DATE>16/07/2018</DATE>
<NARRATION>Auto on 02/08/2018 Party : COUNTER SALES</NARRATION>
<VOUCHERTYPENAME>Sales</VOUCHERTYPENAME>
<VOUCHERNUMBER>012107</VOUCHERNUMBER>
<PARTYLEDGERNAME>COUNTER SALES</PARTYLEDGERNAME>
  <CSTFORMISSUETYPE /> 
  <CSTFORMRECVTYPE /> 
  <FBTPAYMENTTYPE>Default</FBTPAYMENTTYPE> 
  <VCHGSTCLASS /> 
  <DIFFACTUALQTY>No</DIFFACTUALQTY> 
  <AUDITED>No</AUDITED> 
  <FORJOBCOSTING>No</FORJOBCOSTING> 
  <ISOPTIONAL>NO</ISOPTIONAL> 
  <EFFECTIVEDATE>16/07/2018</EFFECTIVEDATE> 
  <USEFORINTEREST>No</USEFORINTEREST> 
  <USEFORGAINLOSS>No</USEFORGAINLOSS> 
  <USEFORGODOWNTRANSFER>No</USEFORGODOWNTRANSFER> 
  <USEFORCOMPOUND>No</USEFORCOMPOUND> 
  <ALTERID></ALTERID> 
  <EXCISEOPENING>No</EXCISEOPENING> 
  <ISCANCELLED>NO</ISCANCELLED> 
  <HASCASHFLOW>No</HASCASHFLOW> 
  <ISPOSTDATED>NO</ISPOSTDATED> 
  <USETRACKINGNUMBER>NO</USETRACKINGNUMBER> 
  <ISINVOICE>No</ISINVOICE> 
  <MFGJOURNAL>No</MFGJOURNAL> 
  <HASDISCOUNTS>No</HASDISCOUNTS> 
  <ASPAYSLIP>No</ASPAYSLIP> 
  <ISDELETED>No</ISDELETED> 
  <ASORIGINAL>No</ASORIGINAL> 
<ALLLEDGERENTRIES.LIST>
<LEDGERNAME>COUNTER SALES</LEDGERNAME> 
<GSTCLASS /> 
<ISDEEMEDPOSITIVE>YES</ISDEEMEDPOSITIVE> 
<LEDGERFROMITEM>No</LEDGERFROMITEM> 
<REMOVEZEROENTRIES>No</REMOVEZEROENTRIES> 
<ISPARTYLEDGER>Yes</ISPARTYLEDGER> 
<AMOUNT>-4843</AMOUNT> 
    <BILLALLOCATIONS.LIST>
      <NAME>012107</NAME> 
      <BILLCREDITPERIOD>0Days</BILLCREDITPERIOD> 
      <BILLTYPE>New Ref</BILLTYPE> 
      <AMOUNT>-4843</AMOUNT> 
    </BILLALLOCATIONS.LIST>
</ALLLEDGERENTRIES.LIST>
<ALLLEDGERENTRIES.LIST>
<LEDGERNAME>[01] Local Sales 18% GST                          </LEDGERNAME> 
<GSTCLASS /> 
<ISDEEMEDPOSITIVE>NO</ISDEEMEDPOSITIVE> 
<LEDGERFROMITEM>No</LEDGERFROMITEM> 
<REMOVEZEROENTRIES>No</REMOVEZEROENTRIES> 
<ISPARTYLEDGER>Yes</ISPARTYLEDGER> 
<AMOUNT>4105.40</AMOUNT> 
</ALLLEDGERENTRIES.LIST>
<ALLLEDGERENTRIES.LIST>
<LEDGERNAME>[02] 9% CGST Output                               </LEDGERNAME> 
<GSTCLASS /> 
<ISDEEMEDPOSITIVE>NO</ISDEEMEDPOSITIVE> 
<LEDGERFROMITEM>No</LEDGERFROMITEM> 
<REMOVEZEROENTRIES>No</REMOVEZEROENTRIES> 
<ISPARTYLEDGER>Yes</ISPARTYLEDGER> 
<AMOUNT>369</AMOUNT> 
</ALLLEDGERENTRIES.LIST>
<ALLLEDGERENTRIES.LIST>
<LEDGERNAME>[03] 9% SGST Output                               </LEDGERNAME> 
<GSTCLASS /> 
<ISDEEMEDPOSITIVE>NO</ISDEEMEDPOSITIVE> 
<LEDGERFROMITEM>No</LEDGERFROMITEM> 
<REMOVEZEROENTRIES>No</REMOVEZEROENTRIES> 
<ISPARTYLEDGER>Yes</ISPARTYLEDGER> 
<AMOUNT>369</AMOUNT> 
</ALLLEDGERENTRIES.LIST>
<ALLLEDGERENTRIES.LIST>
<LEDGERNAME>vatav kasar</LEDGERNAME> 
<GSTCLASS /> 
<ISDEEMEDPOSITIVE>NO</ISDEEMEDPOSITIVE> 
<LEDGERFROMITEM>No</LEDGERFROMITEM> 
<REMOVEZEROENTRIES>No</REMOVEZEROENTRIES> 
<ISPARTYLEDGER>Yes</ISPARTYLEDGER> 
<AMOUNT>-0.40</AMOUNT> 
</ALLLEDGERENTRIES.LIST>
</VOUCHER>
</TALLYMESSAGE>
<TALLYMESSAGE xmlns:UDF="TallyUDF">
<VOUCHER REMOTEID="c4aab193-f0e4-4462-8e73-304da9931651-00012108" VCHTYPE="Sales" ACTION="Create">
<DATE>23/07/2018</DATE>
<NARRATION>Auto on 02/08/2018 Party : COUNTER SALES</NARRATION>
<VOUCHERTYPENAME>Sales</VOUCHERTYPENAME>
<VOUCHERNUMBER>012108</VOUCHERNUMBER>
<PARTYLEDGERNAME>COUNTER SALES</PARTYLEDGERNAME>
  <CSTFORMISSUETYPE /> 
  <CSTFORMRECVTYPE /> 
  <FBTPAYMENTTYPE>Default</FBTPAYMENTTYPE> 
  <VCHGSTCLASS /> 
  <DIFFACTUALQTY>No</DIFFACTUALQTY> 
  <AUDITED>No</AUDITED> 
  <FORJOBCOSTING>No</FORJOBCOSTING> 
  <ISOPTIONAL>NO</ISOPTIONAL> 
  <EFFECTIVEDATE>23/07/2018</EFFECTIVEDATE> 
  <USEFORINTEREST>No</USEFORINTEREST> 
  <USEFORGAINLOSS>No</USEFORGAINLOSS> 
  <USEFORGODOWNTRANSFER>No</USEFORGODOWNTRANSFER> 
  <USEFORCOMPOUND>No</USEFORCOMPOUND> 
  <ALTERID></ALTERID> 
  <EXCISEOPENING>No</EXCISEOPENING> 
  <ISCANCELLED>NO</ISCANCELLED> 
  <HASCASHFLOW>No</HASCASHFLOW> 
  <ISPOSTDATED>NO</ISPOSTDATED> 
  <USETRACKINGNUMBER>NO</USETRACKINGNUMBER> 
  <ISINVOICE>No</ISINVOICE> 
  <MFGJOURNAL>No</MFGJOURNAL> 
  <HASDISCOUNTS>No</HASDISCOUNTS> 
  <ASPAYSLIP>No</ASPAYSLIP> 
  <ISDELETED>No</ISDELETED> 
  <ASORIGINAL>No</ASORIGINAL> 
<ALLLEDGERENTRIES.LIST>
<LEDGERNAME>COUNTER SALES</LEDGERNAME> 
<GSTCLASS /> 
<ISDEEMEDPOSITIVE>YES</ISDEEMEDPOSITIVE> 
<LEDGERFROMITEM>No</LEDGERFROMITEM> 
<REMOVEZEROENTRIES>No</REMOVEZEROENTRIES> 
<ISPARTYLEDGER>Yes</ISPARTYLEDGER> 
<AMOUNT>-23492</AMOUNT> 
    <BILLALLOCATIONS.LIST>
      <NAME>012108</NAME> 
      <BILLCREDITPERIOD>0Days</BILLCREDITPERIOD> 
      <BILLTYPE>New Ref</BILLTYPE> 
      <AMOUNT>-23492</AMOUNT> 
    </BILLALLOCATIONS.LIST>
</ALLLEDGERENTRIES.LIST>
<ALLLEDGERENTRIES.LIST>
<LEDGERNAME>[01] Local Sales 18% GST                          </LEDGERNAME> 
<GSTCLASS /> 
<ISDEEMEDPOSITIVE>NO</ISDEEMEDPOSITIVE> 
<LEDGERFROMITEM>No</LEDGERFROMITEM> 
<REMOVEZEROENTRIES>No</REMOVEZEROENTRIES> 
<ISPARTYLEDGER>Yes</ISPARTYLEDGER> 
<AMOUNT>19908.00</AMOUNT> 
</ALLLEDGERENTRIES.LIST>
<ALLLEDGERENTRIES.LIST>
<LEDGERNAME>[02] 9% CGST Output                               </LEDGERNAME> 
<GSTCLASS /> 
<ISDEEMEDPOSITIVE>NO</ISDEEMEDPOSITIVE> 
<LEDGERFROMITEM>No</LEDGERFROMITEM> 
<REMOVEZEROENTRIES>No</REMOVEZEROENTRIES> 
<ISPARTYLEDGER>Yes</ISPARTYLEDGER> 
<AMOUNT>1792</AMOUNT> 
</ALLLEDGERENTRIES.LIST>
<ALLLEDGERENTRIES.LIST>
<LEDGERNAME>[03] 9% SGST Output                               </LEDGERNAME> 
<GSTCLASS /> 
<ISDEEMEDPOSITIVE>NO</ISDEEMEDPOSITIVE> 
<LEDGERFROMITEM>No</LEDGERFROMITEM> 
<REMOVEZEROENTRIES>No</REMOVEZEROENTRIES> 
<ISPARTYLEDGER>Yes</ISPARTYLEDGER> 
<AMOUNT>1792</AMOUNT> 
</ALLLEDGERENTRIES.LIST>
</VOUCHER>
</TALLYMESSAGE>
<TALLYMESSAGE xmlns:UDF="TallyUDF">
<VOUCHER REMOTEID="c4aab193-f0e4-4462-8e73-304da9931651-00012109" VCHTYPE="Sales" ACTION="Create">
<DATE>26/07/2018</DATE>
<NARRATION>Auto on 02/08/2018 Party : COUNTER SALES</NARRATION>
<VOUCHERTYPENAME>Sales</VOUCHERTYPENAME>
<VOUCHERNUMBER>012109</VOUCHERNUMBER>
<PARTYLEDGERNAME>COUNTER SALES</PARTYLEDGERNAME>
  <CSTFORMISSUETYPE /> 
  <CSTFORMRECVTYPE /> 
  <FBTPAYMENTTYPE>Default</FBTPAYMENTTYPE> 
  <VCHGSTCLASS /> 
  <DIFFACTUALQTY>No</DIFFACTUALQTY> 
  <AUDITED>No</AUDITED> 
  <FORJOBCOSTING>No</FORJOBCOSTING> 
  <ISOPTIONAL>NO</ISOPTIONAL> 
  <EFFECTIVEDATE>26/07/2018</EFFECTIVEDATE> 
  <USEFORINTEREST>No</USEFORINTEREST> 
  <USEFORGAINLOSS>No</USEFORGAINLOSS> 
  <USEFORGODOWNTRANSFER>No</USEFORGODOWNTRANSFER> 
  <USEFORCOMPOUND>No</USEFORCOMPOUND> 
  <ALTERID></ALTERID> 
  <EXCISEOPENING>No</EXCISEOPENING> 
  <ISCANCELLED>NO</ISCANCELLED> 
  <HASCASHFLOW>No</HASCASHFLOW> 
  <ISPOSTDATED>NO</ISPOSTDATED> 
  <USETRACKINGNUMBER>NO</USETRACKINGNUMBER> 
  <ISINVOICE>No</ISINVOICE> 
  <MFGJOURNAL>No</MFGJOURNAL> 
  <HASDISCOUNTS>No</HASDISCOUNTS> 
  <ASPAYSLIP>No</ASPAYSLIP> 
  <ISDELETED>No</ISDELETED> 
  <ASORIGINAL>No</ASORIGINAL> 
<ALLLEDGERENTRIES.LIST>
<LEDGERNAME>COUNTER SALES</LEDGERNAME> 
<GSTCLASS /> 
<ISDEEMEDPOSITIVE>YES</ISDEEMEDPOSITIVE> 
<LEDGERFROMITEM>No</LEDGERFROMITEM> 
<REMOVEZEROENTRIES>No</REMOVEZEROENTRIES> 
<ISPARTYLEDGER>Yes</ISPARTYLEDGER> 
<AMOUNT>-2201</AMOUNT> 
    <BILLALLOCATIONS.LIST>
      <NAME>012109</NAME> 
      <BILLCREDITPERIOD>0Days</BILLCREDITPERIOD> 
      <BILLTYPE>New Ref</BILLTYPE> 
      <AMOUNT>-2201</AMOUNT> 
    </BILLALLOCATIONS.LIST>
</ALLLEDGERENTRIES.LIST>
<ALLLEDGERENTRIES.LIST>
<LEDGERNAME>[01] Local Sales 18% GST                          </LEDGERNAME> 
<GSTCLASS /> 
<ISDEEMEDPOSITIVE>NO</ISDEEMEDPOSITIVE> 
<LEDGERFROMITEM>No</LEDGERFROMITEM> 
<REMOVEZEROENTRIES>No</REMOVEZEROENTRIES> 
<ISPARTYLEDGER>Yes</ISPARTYLEDGER> 
<AMOUNT>1864.50</AMOUNT> 
</ALLLEDGERENTRIES.LIST>
<ALLLEDGERENTRIES.LIST>
<LEDGERNAME>[02] 9% CGST Output                               </LEDGERNAME> 
<GSTCLASS /> 
<ISDEEMEDPOSITIVE>NO</ISDEEMEDPOSITIVE> 
<LEDGERFROMITEM>No</LEDGERFROMITEM> 
<REMOVEZEROENTRIES>No</REMOVEZEROENTRIES> 
<ISPARTYLEDGER>Yes</ISPARTYLEDGER> 
<AMOUNT>168</AMOUNT> 
</ALLLEDGERENTRIES.LIST>
<ALLLEDGERENTRIES.LIST>
<LEDGERNAME>[03] 9% SGST Output                               </LEDGERNAME> 
<GSTCLASS /> 
<ISDEEMEDPOSITIVE>NO</ISDEEMEDPOSITIVE> 
<LEDGERFROMITEM>No</LEDGERFROMITEM> 
<REMOVEZEROENTRIES>No</REMOVEZEROENTRIES> 
<ISPARTYLEDGER>Yes</ISPARTYLEDGER> 
<AMOUNT>168</AMOUNT> 
</ALLLEDGERENTRIES.LIST>
<ALLLEDGERENTRIES.LIST>
<LEDGERNAME>vatav kasar</LEDGERNAME> 
<GSTCLASS /> 
<ISDEEMEDPOSITIVE>NO</ISDEEMEDPOSITIVE> 
<LEDGERFROMITEM>No</LEDGERFROMITEM> 
<REMOVEZEROENTRIES>No</REMOVEZEROENTRIES> 
<ISPARTYLEDGER>Yes</ISPARTYLEDGER> 
<AMOUNT>0.50</AMOUNT> 
</ALLLEDGERENTRIES.LIST>
</VOUCHER>
</TALLYMESSAGE>
  </REQUESTDATA>
  </IMPORTDATA>
  </BODY>
  </ENVELOPE>