<ENVELOPE>
<HEADER>
<TALLYREQUEST>Import Data</TALLYREQUEST>
</HEADER>
<BODY>
<IMPORTDATA>
<REQUESTDESC>
<REPORTNAME>All Masters</REPORTNAME>
<STATICVARIABLES>
<SVCURRENTCOMPANY>KC 07-08 - (Open,Current)</SVCURRENTCOMPANY>
</STATICVARIABLES>
</REQUESTDESC>
<REQUESTDATA>
<TALLYMESSAGE xmlns:UDF="TallyUDF">
 <VOUCHER REMOTEID="c4aab193-f0e4-4462-8e73-304da9931651-00002ae7" VCHTYPE="Payment" ACTION="Create">
  <DATE>20170703</DATE>
  <GUID>c4aab193-f0e4-4462-8e73-304da9931651-00002ae7</GUID>
  <NARRATION>Ch. No. :000343. BILL NO 145.</NARRATION>
  <VOUCHERTYPENAME>Payment</VOUCHERTYPENAME>
  <VOUCHERNUMBER>000343.</VOUCHERNUMBER>
  <PARTYLEDGERNAME>LALSON ENGINEERING WORKS(P).</PARTYLEDGERNAME>
  <CSTFORMISSUETYPE/>
  <CSTFORMRECVTYPE/>
  <FBTPAYMENTTYPE>Default</FBTPAYMENTTYPE>
  <VCHGSTCLASS/>
  <DIFFACTUALQTY>No</DIFFACTUALQTY>
  <AUDITED>No</AUDITED>
  <FORJOBCOSTING>No</FORJOBCOSTING>
  <ISOPTIONAL>No</ISOPTIONAL>
  <EFFECTIVEDATE>20170703</EFFECTIVEDATE>
  <USEFORINTEREST>No</USEFORINTEREST>
  <USEFORGAINLOSS>No</USEFORGAINLOSS>
  <USEFORGODOWNTRANSFER>No</USEFORGODOWNTRANSFER>
  <USEFORCOMPOUND>No</USEFORCOMPOUND>
  <ALTERID> 19866</ALTERID>
  <EXCISEOPENING>No</EXCISEOPENING>
  <ISCANCELLED>No</ISCANCELLED>
  <HASCASHFLOW>Yes</HASCASHFLOW>
  <ISPOSTDATED>No</ISPOSTDATED>
  <USETRACKINGNUMBER>No</USETRACKINGNUMBER>
  <ISINVOICE>No</ISINVOICE>
  <MFGJOURNAL>No</MFGJOURNAL>
  <HASDISCOUNTS>No</HASDISCOUNTS>
  <ASPAYSLIP>No</ASPAYSLIP>
  <ISDELETED>No</ISDELETED>
  <ASORIGINAL>No</ASORIGINAL>
  <ALLLEDGERENTRIES.LIST>
   <LEDGERNAME>LALSON ENGINEERING WORKS(P).</LEDGERNAME>
   <GSTCLASS/>
   <ISDEEMEDPOSITIVE>Yes</ISDEEMEDPOSITIVE>
   <LEDGERFROMITEM>No</LEDGERFROMITEM>
   <REMOVEZEROENTRIES>No</REMOVEZEROENTRIES>
   <ISPARTYLEDGER>Yes</ISPARTYLEDGER>
   <AMOUNT>-46474.00</AMOUNT>
   <BILLALLOCATIONS.LIST>
    <NAME>145.</NAME>
    <BILLCREDITPERIOD>60 Days</BILLCREDITPERIOD>
    <BILLTYPE>Agst Ref</BILLTYPE>
    <AMOUNT>-46474.00</AMOUNT>
   </BILLALLOCATIONS.LIST>
  </ALLLEDGERENTRIES.LIST>
  <ALLLEDGERENTRIES.LIST>
   <LEDGERNAME>AMCO.BK.30279 (703000)</LEDGERNAME>
   <GSTCLASS/>
   <ISDEEMEDPOSITIVE>No</ISDEEMEDPOSITIVE>
   <LEDGERFROMITEM>No</LEDGERFROMITEM>
   <REMOVEZEROENTRIES>No</REMOVEZEROENTRIES>
   <ISPARTYLEDGER>Yes</ISPARTYLEDGER>
   <AMOUNT>46474.00</AMOUNT>
  </ALLLEDGERENTRIES.LIST>
 </VOUCHER>
</TALLYMESSAGE>
<TALLYMESSAGE xmlns:UDF="TallyUDF">
 <VOUCHER REMOTEID="c4aab193-f0e4-4462-8e73-304da9931651-00002af3" VCHTYPE="Receipt" ACTION="Create">
  <BANKERSDATE.LIST>
    <BANKERSDATE>20170705</BANKERSDATE>
  </BANKERSDATE.LIST>
  <DATE>20170705</DATE>
  <GUID>c4aab193-f0e4-4462-8e73-304da9931651-00002af3</GUID>
  <NARRATION>Ch. No. :NEFT BY PARTY BILL NO 8694</NARRATION>
  <VOUCHERTYPENAME>Receipt</VOUCHERTYPENAME>
  <VOUCHERNUMBER>13</VOUCHERNUMBER>
  <PARTYLEDGERNAME>MEW ENGINEERING WORKS PVT. LTD.</PARTYLEDGERNAME>
  <CSTFORMISSUETYPE/>
  <CSTFORMRECVTYPE/>
  <FBTPAYMENTTYPE>Default</FBTPAYMENTTYPE>
  <VCHGSTCLASS/>
  <DIFFACTUALQTY>No</DIFFACTUALQTY>
  <AUDITED>No</AUDITED>
  <FORJOBCOSTING>No</FORJOBCOSTING>
  <ISOPTIONAL>No</ISOPTIONAL>
  <EFFECTIVEDATE>20170705</EFFECTIVEDATE>
  <USEFORINTEREST>No</USEFORINTEREST>
  <USEFORGAINLOSS>No</USEFORGAINLOSS>
  <USEFORGODOWNTRANSFER>No</USEFORGODOWNTRANSFER>
  <USEFORCOMPOUND>No</USEFORCOMPOUND>
  <ALTERID> 19913</ALTERID>
  <EXCISEOPENING>No</EXCISEOPENING>
  <ISCANCELLED>No</ISCANCELLED>
  <HASCASHFLOW>Yes</HASCASHFLOW>
  <ISPOSTDATED>No</ISPOSTDATED>
  <USETRACKINGNUMBER>No</USETRACKINGNUMBER>
  <ISINVOICE>No</ISINVOICE>
  <MFGJOURNAL>No</MFGJOURNAL>
  <HASDISCOUNTS>No</HASDISCOUNTS>
  <ASPAYSLIP>No</ASPAYSLIP>
  <ISDELETED>No</ISDELETED>
  <ASORIGINAL>No</ASORIGINAL>
  <ALLLEDGERENTRIES.LIST>
   <LEDGERNAME>MEW ENGINEERING WORKS PVT. LTD.</LEDGERNAME>
   <GSTCLASS/>
   <ISDEEMEDPOSITIVE>No</ISDEEMEDPOSITIVE>
   <LEDGERFROMITEM>No</LEDGERFROMITEM>
   <REMOVEZEROENTRIES>No</REMOVEZEROENTRIES>
   <ISPARTYLEDGER>Yes</ISPARTYLEDGER>
   <AMOUNT>46416.00</AMOUNT>
   <BILLALLOCATIONS.LIST>
    <NAME>008694</NAME>
    <BILLTYPE>Agst Ref</BILLTYPE>
    <AMOUNT>46416.00</AMOUNT>
   </BILLALLOCATIONS.LIST>
  </ALLLEDGERENTRIES.LIST>
  <ALLLEDGERENTRIES.LIST>
   <LEDGERNAME>AMCO.BK.30279 (703000)</LEDGERNAME>
   <GSTCLASS/>
   <ISDEEMEDPOSITIVE>Yes</ISDEEMEDPOSITIVE>
   <LEDGERFROMITEM>No</LEDGERFROMITEM>
   <REMOVEZEROENTRIES>No</REMOVEZEROENTRIES>
   <ISPARTYLEDGER>Yes</ISPARTYLEDGER>
   <AMOUNT>-46416.00</AMOUNT>
  </ALLLEDGERENTRIES.LIST>
 </VOUCHER>
</TALLYMESSAGE>
<TALLYMESSAGE xmlns:UDF="TallyUDF">
 <VOUCHER REMOTEID="c4aab193-f0e4-4462-8e73-304da9931651-00002aeb" VCHTYPE="Payment" ACTION="Create">
  <BANKERSDATE.LIST>
    <BANKERSDATE>20170726</BANKERSDATE>
  </BANKERSDATE.LIST>
  <DATE>20170714</DATE>
  <GUID>c4aab193-f0e4-4462-8e73-304da9931651-00002aeb</GUID>
  <NARRATION>Ch. No. :000344. BILL NO 45312.</NARRATION>
  <VOUCHERTYPENAME>Payment</VOUCHERTYPENAME>
  <VOUCHERNUMBER>000344</VOUCHERNUMBER>
  <PARTYLEDGERNAME>CRS MARKETING &amp; SERVICES(P)</PARTYLEDGERNAME>
  <CSTFORMISSUETYPE/>
  <CSTFORMRECVTYPE/>
  <FBTPAYMENTTYPE>Default</FBTPAYMENTTYPE>
  <VCHGSTCLASS/>
  <DIFFACTUALQTY>No</DIFFACTUALQTY>
  <AUDITED>No</AUDITED>
  <FORJOBCOSTING>No</FORJOBCOSTING>
  <ISOPTIONAL>No</ISOPTIONAL>
  <EFFECTIVEDATE>20170714</EFFECTIVEDATE>
  <USEFORINTEREST>No</USEFORINTEREST>
  <USEFORGAINLOSS>No</USEFORGAINLOSS>
  <USEFORGODOWNTRANSFER>No</USEFORGODOWNTRANSFER>
  <USEFORCOMPOUND>No</USEFORCOMPOUND>
  <ALTERID> 19914</ALTERID>
  <EXCISEOPENING>No</EXCISEOPENING>
  <ISCANCELLED>No</ISCANCELLED>
  <HASCASHFLOW>Yes</HASCASHFLOW>
  <ISPOSTDATED>No</ISPOSTDATED>
  <USETRACKINGNUMBER>No</USETRACKINGNUMBER>
  <ISINVOICE>No</ISINVOICE>
  <MFGJOURNAL>No</MFGJOURNAL>
  <HASDISCOUNTS>No</HASDISCOUNTS>
  <ASPAYSLIP>No</ASPAYSLIP>
  <ISDELETED>No</ISDELETED>
  <ASORIGINAL>No</ASORIGINAL>
  <ALLLEDGERENTRIES.LIST>
   <LEDGERNAME>CRS MARKETING &amp; SERVICES(P)</LEDGERNAME>
   <GSTCLASS/>
   <ISDEEMEDPOSITIVE>Yes</ISDEEMEDPOSITIVE>
   <LEDGERFROMITEM>No</LEDGERFROMITEM>
   <REMOVEZEROENTRIES>No</REMOVEZEROENTRIES>
   <ISPARTYLEDGER>Yes</ISPARTYLEDGER>
   <AMOUNT>-11545.00</AMOUNT>
   <BILLALLOCATIONS.LIST>
    <NAME>11/5/2017.</NAME>
    <BILLTYPE>Agst Ref</BILLTYPE>
    <AMOUNT>-11545.00</AMOUNT>
   </BILLALLOCATIONS.LIST>
  </ALLLEDGERENTRIES.LIST>
  <ALLLEDGERENTRIES.LIST>
   <LEDGERNAME>AMCO.BK.30279 (703000)</LEDGERNAME>
   <GSTCLASS/>
   <ISDEEMEDPOSITIVE>No</ISDEEMEDPOSITIVE>
   <LEDGERFROMITEM>No</LEDGERFROMITEM>
   <REMOVEZEROENTRIES>No</REMOVEZEROENTRIES>
   <ISPARTYLEDGER>Yes</ISPARTYLEDGER>
   <AMOUNT>11545.00</AMOUNT>
  </ALLLEDGERENTRIES.LIST>
 </VOUCHER>
</TALLYMESSAGE>
<TALLYMESSAGE xmlns:UDF="TallyUDF">
 <VOUCHER REMOTEID="c4aab193-f0e4-4462-8e73-304da9931651-00002aee" VCHTYPE="Journal" ACTION="Create">
  <DATE>20170719</DATE>
  <GUID>c4aab193-f0e4-4462-8e73-304da9931651-00002aee</GUID>
  <NARRATION>ON OUR BEHALF PAID VAT TAX  THRU CENTRAL BK CIN NO 280621192017 49442. P[D 1/4/2017. TO 30/6/2017.</NARRATION>
  <VOUCHERTYPENAME>Journal</VOUCHERTYPENAME>
  <VOUCHERNUMBER>10</VOUCHERNUMBER>
  <CSTFORMISSUETYPE/>
  <CSTFORMRECVTYPE/>
  <FBTPAYMENTTYPE>Default</FBTPAYMENTTYPE>
  <VCHGSTCLASS/>
  <DIFFACTUALQTY>No</DIFFACTUALQTY>
  <AUDITED>No</AUDITED>
  <FORJOBCOSTING>No</FORJOBCOSTING>
  <ISOPTIONAL>No</ISOPTIONAL>
  <EFFECTIVEDATE>20170719</EFFECTIVEDATE>
  <USEFORINTEREST>No</USEFORINTEREST>
  <USEFORGAINLOSS>No</USEFORGAINLOSS>
  <USEFORGODOWNTRANSFER>No</USEFORGODOWNTRANSFER>
  <USEFORCOMPOUND>No</USEFORCOMPOUND>
  <ALTERID> 19901</ALTERID>
  <EXCISEOPENING>No</EXCISEOPENING>
  <ISCANCELLED>No</ISCANCELLED>
  <HASCASHFLOW>No</HASCASHFLOW>
  <ISPOSTDATED>No</ISPOSTDATED>
  <USETRACKINGNUMBER>No</USETRACKINGNUMBER>
  <ISINVOICE>No</ISINVOICE>
  <MFGJOURNAL>No</MFGJOURNAL>
  <HASDISCOUNTS>No</HASDISCOUNTS>
  <ASPAYSLIP>No</ASPAYSLIP>
  <ISDELETED>No</ISDELETED>
  <ASORIGINAL>No</ASORIGINAL>
  <ALLLEDGERENTRIES.LIST>
   <LEDGERNAME>VAT TAX PAYABLE.A/C.</LEDGERNAME>
   <GSTCLASS/>
   <ISDEEMEDPOSITIVE>Yes</ISDEEMEDPOSITIVE>
   <LEDGERFROMITEM>No</LEDGERFROMITEM>
   <REMOVEZEROENTRIES>No</REMOVEZEROENTRIES>
   <ISPARTYLEDGER>No</ISPARTYLEDGER>
   <AMOUNT>-6638.00</AMOUNT>
   <BILLALLOCATIONS.LIST>
    <NAME>8</NAME>
    <BILLTYPE>Agst Ref</BILLTYPE>
    <AMOUNT>-6638.00</AMOUNT>
   </BILLALLOCATIONS.LIST>
  </ALLLEDGERENTRIES.LIST>
  <ALLLEDGERENTRIES.LIST>
   <LEDGERNAME>PANALAL MOHANLAL &amp; CO.(ADV)</LEDGERNAME>
   <GSTCLASS/>
   <ISDEEMEDPOSITIVE>No</ISDEEMEDPOSITIVE>
   <LEDGERFROMITEM>No</LEDGERFROMITEM>
   <REMOVEZEROENTRIES>No</REMOVEZEROENTRIES>
   <ISPARTYLEDGER>No</ISPARTYLEDGER>
   <AMOUNT>6638.00</AMOUNT>
  </ALLLEDGERENTRIES.LIST>
 </VOUCHER>
</TALLYMESSAGE>
<TALLYMESSAGE xmlns:UDF="TallyUDF">
 <VOUCHER REMOTEID="c4aab193-f0e4-4462-8e73-304da9931651-00002af0" VCHTYPE="Journal" ACTION="Create">
  <DATE>20170719</DATE>
  <GUID>c4aab193-f0e4-4462-8e73-304da9931651-00002af0</GUID>
  <NARRATION>ON OUR BEHALF PAID SELF ASSESMENT TAX YR 2017-18. CENTRL BK CIN NO 0282930-19/7/107-0047.</NARRATION>
  <VOUCHERTYPENAME>Journal</VOUCHERTYPENAME>
  <VOUCHERNUMBER>11</VOUCHERNUMBER>
  <CSTFORMISSUETYPE/>
  <CSTFORMRECVTYPE/>
  <FBTPAYMENTTYPE>Default</FBTPAYMENTTYPE>
  <VCHGSTCLASS/>
  <DIFFACTUALQTY>No</DIFFACTUALQTY>
  <AUDITED>No</AUDITED>
  <FORJOBCOSTING>No</FORJOBCOSTING>
  <ISOPTIONAL>No</ISOPTIONAL>
  <EFFECTIVEDATE>20170719</EFFECTIVEDATE>
  <USEFORINTEREST>No</USEFORINTEREST>
  <USEFORGAINLOSS>No</USEFORGAINLOSS>
  <USEFORGODOWNTRANSFER>No</USEFORGODOWNTRANSFER>
  <USEFORCOMPOUND>No</USEFORCOMPOUND>
  <ALTERID> 19903</ALTERID>
  <EXCISEOPENING>No</EXCISEOPENING>
  <ISCANCELLED>No</ISCANCELLED>
  <HASCASHFLOW>No</HASCASHFLOW>
  <ISPOSTDATED>No</ISPOSTDATED>
  <USETRACKINGNUMBER>No</USETRACKINGNUMBER>
  <ISINVOICE>No</ISINVOICE>
  <MFGJOURNAL>No</MFGJOURNAL>
  <HASDISCOUNTS>No</HASDISCOUNTS>
  <ASPAYSLIP>No</ASPAYSLIP>
  <ISDELETED>No</ISDELETED>
  <ASORIGINAL>No</ASORIGINAL>
  <ALLLEDGERENTRIES.LIST>
   <LEDGERNAME>SELF ASSESMET TAX YR2017-18</LEDGERNAME>
   <GSTCLASS/>
   <ISDEEMEDPOSITIVE>Yes</ISDEEMEDPOSITIVE>
   <LEDGERFROMITEM>No</LEDGERFROMITEM>
   <REMOVEZEROENTRIES>No</REMOVEZEROENTRIES>
   <ISPARTYLEDGER>No</ISPARTYLEDGER>
   <AMOUNT>-22070.00</AMOUNT>
  </ALLLEDGERENTRIES.LIST>
  <ALLLEDGERENTRIES.LIST>
   <LEDGERNAME>PANALAL MOHANLAL &amp; CO.(ADV)</LEDGERNAME>
   <GSTCLASS/>
   <ISDEEMEDPOSITIVE>No</ISDEEMEDPOSITIVE>
   <LEDGERFROMITEM>No</LEDGERFROMITEM>
   <REMOVEZEROENTRIES>No</REMOVEZEROENTRIES>
   <ISPARTYLEDGER>No</ISPARTYLEDGER>
   <AMOUNT>22070.00</AMOUNT>
  </ALLLEDGERENTRIES.LIST>
 </VOUCHER>
</TALLYMESSAGE>
<TALLYMESSAGE xmlns:UDF="TallyUDF">
 <VOUCHER REMOTEID="c4aab193-f0e4-4462-8e73-304da9931651-00002aef" VCHTYPE="Journal" ACTION="Create">
  <DATE>20170719</DATE>
  <GUID>c4aab193-f0e4-4462-8e73-304da9931651-00002aef</GUID>
  <NARRATION>ON OUR BEHALF PAID CST PD 1/4/2017. TO 30/6/2017. CENTRAL BK CIN NO 02806211 19/7/17.49445.</NARRATION>
  <VOUCHERTYPENAME>Journal</VOUCHERTYPENAME>
  <VOUCHERNUMBER>12</VOUCHERNUMBER>
  <CSTFORMISSUETYPE/>
  <CSTFORMRECVTYPE/>
  <FBTPAYMENTTYPE>Default</FBTPAYMENTTYPE>
  <VCHGSTCLASS/>
  <DIFFACTUALQTY>No</DIFFACTUALQTY>
  <AUDITED>No</AUDITED>
  <FORJOBCOSTING>No</FORJOBCOSTING>
  <ISOPTIONAL>No</ISOPTIONAL>
  <EFFECTIVEDATE>20170719</EFFECTIVEDATE>
  <USEFORINTEREST>No</USEFORINTEREST>
  <USEFORGAINLOSS>No</USEFORGAINLOSS>
  <USEFORGODOWNTRANSFER>No</USEFORGODOWNTRANSFER>
  <USEFORCOMPOUND>No</USEFORCOMPOUND>
  <ALTERID> 19902</ALTERID>
  <EXCISEOPENING>No</EXCISEOPENING>
  <ISCANCELLED>No</ISCANCELLED>
  <HASCASHFLOW>No</HASCASHFLOW>
  <ISPOSTDATED>No</ISPOSTDATED>
  <USETRACKINGNUMBER>No</USETRACKINGNUMBER>
  <ISINVOICE>No</ISINVOICE>
  <MFGJOURNAL>No</MFGJOURNAL>
  <HASDISCOUNTS>No</HASDISCOUNTS>
  <ASPAYSLIP>No</ASPAYSLIP>
  <ISDELETED>No</ISDELETED>
  <ASORIGINAL>No</ASORIGINAL>
  <ALLLEDGERENTRIES.LIST>
   <LEDGERNAME>C.S.T.TAX PAYABLE A/C.</LEDGERNAME>
   <GSTCLASS/>
   <ISDEEMEDPOSITIVE>Yes</ISDEEMEDPOSITIVE>
   <LEDGERFROMITEM>No</LEDGERFROMITEM>
   <REMOVEZEROENTRIES>No</REMOVEZEROENTRIES>
   <ISPARTYLEDGER>No</ISPARTYLEDGER>
   <AMOUNT>-1908.00</AMOUNT>
  </ALLLEDGERENTRIES.LIST>
  <ALLLEDGERENTRIES.LIST>
   <LEDGERNAME>PANALAL MOHANLAL &amp; CO.(ADV)</LEDGERNAME>
   <GSTCLASS/>
   <ISDEEMEDPOSITIVE>No</ISDEEMEDPOSITIVE>
   <LEDGERFROMITEM>No</LEDGERFROMITEM>
   <REMOVEZEROENTRIES>No</REMOVEZEROENTRIES>
   <ISPARTYLEDGER>No</ISPARTYLEDGER>
   <AMOUNT>1908.00</AMOUNT>
  </ALLLEDGERENTRIES.LIST>
 </VOUCHER>
</TALLYMESSAGE>
<TALLYMESSAGE xmlns:UDF="TallyUDF">
 <VOUCHER REMOTEID="c4aab193-f0e4-4462-8e73-304da9931651-00002aec" VCHTYPE="Payment" ACTION="Create">
  <BANKERSDATE.LIST>
    <BANKERSDATE>20170724</BANKERSDATE>
  </BANKERSDATE.LIST>
  <DATE>20170722</DATE>
  <GUID>c4aab193-f0e4-4462-8e73-304da9931651-00002aec</GUID>
  <NARRATION>Ch. No. :000345. PAID FOR VAT CST &amp; IT SELF ASSESMENT.</NARRATION>
  <VOUCHERTYPENAME>Payment</VOUCHERTYPENAME>
  <VOUCHERNUMBER>000345.</VOUCHERNUMBER>
  <PARTYLEDGERNAME>AMCO.BK.30279 (703000)</PARTYLEDGERNAME>
  <CSTFORMISSUETYPE/>
  <CSTFORMRECVTYPE/>
  <FBTPAYMENTTYPE>Default</FBTPAYMENTTYPE>
  <VCHGSTCLASS/>
  <DIFFACTUALQTY>No</DIFFACTUALQTY>
  <AUDITED>No</AUDITED>
  <FORJOBCOSTING>No</FORJOBCOSTING>
  <ISOPTIONAL>No</ISOPTIONAL>
  <EFFECTIVEDATE>20170722</EFFECTIVEDATE>
  <USEFORINTEREST>No</USEFORINTEREST>
  <USEFORGAINLOSS>No</USEFORGAINLOSS>
  <USEFORGODOWNTRANSFER>No</USEFORGODOWNTRANSFER>
  <USEFORCOMPOUND>No</USEFORCOMPOUND>
  <ALTERID> 19915</ALTERID>
  <EXCISEOPENING>No</EXCISEOPENING>
  <ISCANCELLED>No</ISCANCELLED>
  <HASCASHFLOW>Yes</HASCASHFLOW>
  <ISPOSTDATED>No</ISPOSTDATED>
  <USETRACKINGNUMBER>No</USETRACKINGNUMBER>
  <ISINVOICE>No</ISINVOICE>
  <MFGJOURNAL>No</MFGJOURNAL>
  <HASDISCOUNTS>No</HASDISCOUNTS>
  <ASPAYSLIP>No</ASPAYSLIP>
  <ISDELETED>No</ISDELETED>
  <ASORIGINAL>No</ASORIGINAL>
  <ALLLEDGERENTRIES.LIST>
   <LEDGERNAME>PANALAL MOHANLAL &amp; CO.(ADV)</LEDGERNAME>
   <GSTCLASS/>
   <ISDEEMEDPOSITIVE>Yes</ISDEEMEDPOSITIVE>
   <LEDGERFROMITEM>No</LEDGERFROMITEM>
   <REMOVEZEROENTRIES>No</REMOVEZEROENTRIES>
   <ISPARTYLEDGER>No</ISPARTYLEDGER>
   <AMOUNT>-48208.00</AMOUNT>
  </ALLLEDGERENTRIES.LIST>
  <ALLLEDGERENTRIES.LIST>
   <LEDGERNAME>AMCO.BK.30279 (703000)</LEDGERNAME>
   <GSTCLASS/>
   <ISDEEMEDPOSITIVE>No</ISDEEMEDPOSITIVE>
   <LEDGERFROMITEM>No</LEDGERFROMITEM>
   <REMOVEZEROENTRIES>No</REMOVEZEROENTRIES>
   <ISPARTYLEDGER>Yes</ISPARTYLEDGER>
   <AMOUNT>48208.00</AMOUNT>
  </ALLLEDGERENTRIES.LIST>
 </VOUCHER>
</TALLYMESSAGE>
<TALLYMESSAGE xmlns:UDF="TallyUDF">
 <VOUCHER REMOTEID="c4aab193-f0e4-4462-8e73-304da9931651-00002aed" VCHTYPE="Payment" ACTION="Create">
  <BANKERSDATE.LIST>
    <BANKERSDATE>20170729</BANKERSDATE>
  </BANKERSDATE.LIST>
  <DATE>20170722</DATE>
  <GUID>c4aab193-f0e4-4462-8e73-304da9931651-00002aed</GUID>
  <NARRATION>Ch. No. :000346. BILL NO 207,468.</NARRATION>
  <VOUCHERTYPENAME>Payment</VOUCHERTYPENAME>
  <VOUCHERNUMBER>000346</VOUCHERNUMBER>
  <PARTYLEDGERNAME>MEHTA CHOKSHI &amp; SHAH</PARTYLEDGERNAME>
  <CSTFORMISSUETYPE/>
  <CSTFORMRECVTYPE/>
  <FBTPAYMENTTYPE>Default</FBTPAYMENTTYPE>
  <VCHGSTCLASS/>
  <DIFFACTUALQTY>No</DIFFACTUALQTY>
  <AUDITED>No</AUDITED>
  <FORJOBCOSTING>No</FORJOBCOSTING>
  <ISOPTIONAL>No</ISOPTIONAL>
  <EFFECTIVEDATE>20170722</EFFECTIVEDATE>
  <USEFORINTEREST>No</USEFORINTEREST>
  <USEFORGAINLOSS>No</USEFORGAINLOSS>
  <USEFORGODOWNTRANSFER>No</USEFORGODOWNTRANSFER>
  <USEFORCOMPOUND>No</USEFORCOMPOUND>
  <ALTERID> 19916</ALTERID>
  <EXCISEOPENING>No</EXCISEOPENING>
  <ISCANCELLED>No</ISCANCELLED>
  <HASCASHFLOW>Yes</HASCASHFLOW>
  <ISPOSTDATED>No</ISPOSTDATED>
  <USETRACKINGNUMBER>No</USETRACKINGNUMBER>
  <ISINVOICE>No</ISINVOICE>
  <MFGJOURNAL>No</MFGJOURNAL>
  <HASDISCOUNTS>No</HASDISCOUNTS>
  <ASPAYSLIP>No</ASPAYSLIP>
  <ISDELETED>No</ISDELETED>
  <ASORIGINAL>No</ASORIGINAL>
  <ALLLEDGERENTRIES.LIST>
   <LEDGERNAME>MEHTA CHOKSHI &amp; SHAH</LEDGERNAME>
   <GSTCLASS/>
   <ISDEEMEDPOSITIVE>Yes</ISDEEMEDPOSITIVE>
   <LEDGERFROMITEM>No</LEDGERFROMITEM>
   <REMOVEZEROENTRIES>No</REMOVEZEROENTRIES>
   <ISPARTYLEDGER>Yes</ISPARTYLEDGER>
   <AMOUNT>-11500.00</AMOUNT>
   <BILLALLOCATIONS.LIST>
    <NAME>BILL NO ST/468/16/17.</NAME>
    <BILLCREDITPERIOD>30 Days</BILLCREDITPERIOD>
    <BILLTYPE>Agst Ref</BILLTYPE>
    <AMOUNT>-5750.00</AMOUNT>
   </BILLALLOCATIONS.LIST>
   <BILLALLOCATIONS.LIST>
    <NAME>ST/207/2016-17.</NAME>
    <BILLCREDITPERIOD>30 Days</BILLCREDITPERIOD>
    <BILLTYPE>Agst Ref</BILLTYPE>
    <AMOUNT>-5750.00</AMOUNT>
   </BILLALLOCATIONS.LIST>
  </ALLLEDGERENTRIES.LIST>
  <ALLLEDGERENTRIES.LIST>
   <LEDGERNAME>AMCO.BK.30279 (703000)</LEDGERNAME>
   <GSTCLASS/>
   <ISDEEMEDPOSITIVE>No</ISDEEMEDPOSITIVE>
   <LEDGERFROMITEM>No</LEDGERFROMITEM>
   <REMOVEZEROENTRIES>No</REMOVEZEROENTRIES>
   <ISPARTYLEDGER>Yes</ISPARTYLEDGER>
   <AMOUNT>11500.00</AMOUNT>
  </ALLLEDGERENTRIES.LIST>
 </VOUCHER>
</TALLYMESSAGE>
<TALLYMESSAGE xmlns:UDF="TallyUDF">
 <VOUCHER REMOTEID="c4aab193-f0e4-4462-8e73-304da9931651-00002af1" VCHTYPE="Receipt" ACTION="Create">
  <BANKERSDATE.LIST>
    <BANKERSDATE>20170726</BANKERSDATE>
  </BANKERSDATE.LIST>
  <DATE>20170725</DATE>
  <GUID>c4aab193-f0e4-4462-8e73-304da9931651-00002af1</GUID>
  <NARRATION>Ch. No. :182816. SURAT DIST CO-OP BK BILL NO 8691.</NARRATION>
  <VOUCHERTYPENAME>Receipt</VOUCHERTYPENAME>
  <VOUCHERNUMBER>14</VOUCHERNUMBER>
  <PARTYLEDGERNAME>PRESTIGE INDL.TRADERS.</PARTYLEDGERNAME>
  <CSTFORMISSUETYPE/>
  <CSTFORMRECVTYPE/>
  <FBTPAYMENTTYPE>Default</FBTPAYMENTTYPE>
  <VCHGSTCLASS/>
  <DIFFACTUALQTY>No</DIFFACTUALQTY>
  <AUDITED>No</AUDITED>
  <FORJOBCOSTING>No</FORJOBCOSTING>
  <ISOPTIONAL>No</ISOPTIONAL>
  <EFFECTIVEDATE>20170725</EFFECTIVEDATE>
  <USEFORINTEREST>No</USEFORINTEREST>
  <USEFORGAINLOSS>No</USEFORGAINLOSS>
  <USEFORGODOWNTRANSFER>No</USEFORGODOWNTRANSFER>
  <USEFORCOMPOUND>No</USEFORCOMPOUND>
  <ALTERID> 19917</ALTERID>
  <EXCISEOPENING>No</EXCISEOPENING>
  <ISCANCELLED>No</ISCANCELLED>
  <HASCASHFLOW>Yes</HASCASHFLOW>
  <ISPOSTDATED>No</ISPOSTDATED>
  <USETRACKINGNUMBER>No</USETRACKINGNUMBER>
  <ISINVOICE>No</ISINVOICE>
  <MFGJOURNAL>No</MFGJOURNAL>
  <HASDISCOUNTS>No</HASDISCOUNTS>
  <ASPAYSLIP>No</ASPAYSLIP>
  <ISDELETED>No</ISDELETED>
  <ASORIGINAL>No</ASORIGINAL>
  <ALLLEDGERENTRIES.LIST>
   <LEDGERNAME>PRESTIGE INDL.TRADERS.</LEDGERNAME>
   <GSTCLASS/>
   <ISDEEMEDPOSITIVE>No</ISDEEMEDPOSITIVE>
   <LEDGERFROMITEM>No</LEDGERFROMITEM>
   <REMOVEZEROENTRIES>No</REMOVEZEROENTRIES>
   <ISPARTYLEDGER>Yes</ISPARTYLEDGER>
   <AMOUNT>7042.00</AMOUNT>
   <BILLALLOCATIONS.LIST>
    <NAME>008691</NAME>
    <BILLTYPE>Agst Ref</BILLTYPE>
    <AMOUNT>7042.00</AMOUNT>
   </BILLALLOCATIONS.LIST>
  </ALLLEDGERENTRIES.LIST>
  <ALLLEDGERENTRIES.LIST>
   <LEDGERNAME>AMCO.BK.30279 (703000)</LEDGERNAME>
   <GSTCLASS/>
   <ISDEEMEDPOSITIVE>Yes</ISDEEMEDPOSITIVE>
   <LEDGERFROMITEM>No</LEDGERFROMITEM>
   <REMOVEZEROENTRIES>No</REMOVEZEROENTRIES>
   <ISPARTYLEDGER>Yes</ISPARTYLEDGER>
   <AMOUNT>-7042.00</AMOUNT>
  </ALLLEDGERENTRIES.LIST>
 </VOUCHER>
</TALLYMESSAGE>
<TALLYMESSAGE xmlns:UDF="TallyUDF">
 <VOUCHER REMOTEID="c4aab193-f0e4-4462-8e73-304da9931651-00002af4" VCHTYPE="Receipt" ACTION="Create">
  <BANKERSDATE.LIST>
    <BANKERSDATE>20170731</BANKERSDATE>
  </BANKERSDATE.LIST>
  <DATE>20170731</DATE>
  <GUID>c4aab193-f0e4-4462-8e73-304da9931651-00002af4</GUID>
  <NARRATION>Ch. No. :DIVEDEND ON AMCO SHARES.</NARRATION>
  <VOUCHERTYPENAME>Receipt</VOUCHERTYPENAME>
  <VOUCHERNUMBER>15</VOUCHERNUMBER>
  <PARTYLEDGERNAME>AMCO.BK.30279 (703000)</PARTYLEDGERNAME>
  <CSTFORMISSUETYPE/>
  <CSTFORMRECVTYPE/>
  <FBTPAYMENTTYPE>Default</FBTPAYMENTTYPE>
  <VCHGSTCLASS/>
  <DIFFACTUALQTY>No</DIFFACTUALQTY>
  <AUDITED>No</AUDITED>
  <FORJOBCOSTING>No</FORJOBCOSTING>
  <ISOPTIONAL>No</ISOPTIONAL>
  <EFFECTIVEDATE>20170731</EFFECTIVEDATE>
  <USEFORINTEREST>No</USEFORINTEREST>
  <USEFORGAINLOSS>No</USEFORGAINLOSS>
  <USEFORGODOWNTRANSFER>No</USEFORGODOWNTRANSFER>
  <USEFORCOMPOUND>No</USEFORCOMPOUND>
  <ALTERID> 19918</ALTERID>
  <EXCISEOPENING>No</EXCISEOPENING>
  <ISCANCELLED>No</ISCANCELLED>
  <HASCASHFLOW>Yes</HASCASHFLOW>
  <ISPOSTDATED>No</ISPOSTDATED>
  <USETRACKINGNUMBER>No</USETRACKINGNUMBER>
  <ISINVOICE>No</ISINVOICE>
  <MFGJOURNAL>No</MFGJOURNAL>
  <HASDISCOUNTS>No</HASDISCOUNTS>
  <ASPAYSLIP>No</ASPAYSLIP>
  <ISDELETED>No</ISDELETED>
  <ASORIGINAL>No</ASORIGINAL>
  <ALLLEDGERENTRIES.LIST>
   <LEDGERNAME>DIVIDEND ACCOUNT</LEDGERNAME>
   <GSTCLASS/>
   <ISDEEMEDPOSITIVE>No</ISDEEMEDPOSITIVE>
   <LEDGERFROMITEM>No</LEDGERFROMITEM>
   <REMOVEZEROENTRIES>No</REMOVEZEROENTRIES>
   <ISPARTYLEDGER>No</ISPARTYLEDGER>
   <AMOUNT>240.00</AMOUNT>
  </ALLLEDGERENTRIES.LIST>
  <ALLLEDGERENTRIES.LIST>
   <LEDGERNAME>AMCO.BK.30279 (703000)</LEDGERNAME>
   <GSTCLASS/>
   <ISDEEMEDPOSITIVE>Yes</ISDEEMEDPOSITIVE>
   <LEDGERFROMITEM>No</LEDGERFROMITEM>
   <REMOVEZEROENTRIES>No</REMOVEZEROENTRIES>
   <ISPARTYLEDGER>Yes</ISPARTYLEDGER>
   <AMOUNT>-240.00</AMOUNT>
  </ALLLEDGERENTRIES.LIST>
 </VOUCHER>
</TALLYMESSAGE>
<TALLYMESSAGE xmlns:UDF="TallyUDF">
 <VOUCHER REMOTEID="c4aab193-f0e4-4462-8e73-304da9931651-00002af2" VCHTYPE="Receipt" ACTION="Create">
  <DATE>20170804</DATE>
  <GUID>c4aab193-f0e4-4462-8e73-304da9931651-00002af2</GUID>
  <NARRATION>Ch. No. :352904. UNION BK BILL NO 9003.</NARRATION>
  <VOUCHERTYPENAME>Receipt</VOUCHERTYPENAME>
  <VOUCHERNUMBER>16</VOUCHERNUMBER>
  <PARTYLEDGERNAME>ROYAL INDUSTRIES.</PARTYLEDGERNAME>
  <CSTFORMISSUETYPE/>
  <CSTFORMRECVTYPE/>
  <FBTPAYMENTTYPE>Default</FBTPAYMENTTYPE>
  <VCHGSTCLASS/>
  <DIFFACTUALQTY>No</DIFFACTUALQTY>
  <AUDITED>No</AUDITED>
  <FORJOBCOSTING>No</FORJOBCOSTING>
  <ISOPTIONAL>No</ISOPTIONAL>
  <EFFECTIVEDATE>20170804</EFFECTIVEDATE>
  <USEFORINTEREST>No</USEFORINTEREST>
  <USEFORGAINLOSS>No</USEFORGAINLOSS>
  <USEFORGODOWNTRANSFER>No</USEFORGODOWNTRANSFER>
  <USEFORCOMPOUND>No</USEFORCOMPOUND>
  <ALTERID> 19908</ALTERID>
  <EXCISEOPENING>No</EXCISEOPENING>
  <ISCANCELLED>No</ISCANCELLED>
  <HASCASHFLOW>Yes</HASCASHFLOW>
  <ISPOSTDATED>No</ISPOSTDATED>
  <USETRACKINGNUMBER>No</USETRACKINGNUMBER>
  <ISINVOICE>No</ISINVOICE>
  <MFGJOURNAL>No</MFGJOURNAL>
  <HASDISCOUNTS>No</HASDISCOUNTS>
  <ASPAYSLIP>No</ASPAYSLIP>
  <ISDELETED>No</ISDELETED>
  <ASORIGINAL>No</ASORIGINAL>
  <ALLLEDGERENTRIES.LIST>
   <LEDGERNAME>ROYAL INDUSTRIES.</LEDGERNAME>
   <GSTCLASS/>
   <ISDEEMEDPOSITIVE>No</ISDEEMEDPOSITIVE>
   <LEDGERFROMITEM>No</LEDGERFROMITEM>
   <REMOVEZEROENTRIES>No</REMOVEZEROENTRIES>
   <ISPARTYLEDGER>Yes</ISPARTYLEDGER>
   <AMOUNT>7900.00</AMOUNT>
   <BILLALLOCATIONS.LIST>
    <NAME>BILL NO 9003.</NAME>
    <BILLTYPE>New Ref</BILLTYPE>
    <AMOUNT>7900.00</AMOUNT>
   </BILLALLOCATIONS.LIST>
  </ALLLEDGERENTRIES.LIST>
  <ALLLEDGERENTRIES.LIST>
   <LEDGERNAME>AMCO.BK.30279 (703000)</LEDGERNAME>
   <GSTCLASS/>
   <ISDEEMEDPOSITIVE>Yes</ISDEEMEDPOSITIVE>
   <LEDGERFROMITEM>No</LEDGERFROMITEM>
   <REMOVEZEROENTRIES>No</REMOVEZEROENTRIES>
   <ISPARTYLEDGER>Yes</ISPARTYLEDGER>
   <AMOUNT>-7900.00</AMOUNT>
  </ALLLEDGERENTRIES.LIST>
 </VOUCHER>
</TALLYMESSAGE>
<TALLYMESSAGE xmlns:UDF="TallyUDF">
 <VOUCHER REMOTEID="c4aab193-f0e4-4462-8e73-304da9931651-00002af5" VCHTYPE="Payment" ACTION="Create">
  <DATE>20170804</DATE>
  <GUID>c4aab193-f0e4-4462-8e73-304da9931651-00002af5</GUID>
  <NARRATION>Ch. No. :000347. BILL NO 45501.</NARRATION>
  <VOUCHERTYPENAME>Payment</VOUCHERTYPENAME>
  <VOUCHERNUMBER>000347</VOUCHERNUMBER>
  <PARTYLEDGERNAME>CRS MARKETING &amp; SERVICES(P)</PARTYLEDGERNAME>
  <CSTFORMISSUETYPE/>
  <CSTFORMRECVTYPE/>
  <FBTPAYMENTTYPE>Default</FBTPAYMENTTYPE>
  <VCHGSTCLASS/>
  <DIFFACTUALQTY>No</DIFFACTUALQTY>
  <AUDITED>No</AUDITED>
  <FORJOBCOSTING>No</FORJOBCOSTING>
  <ISOPTIONAL>No</ISOPTIONAL>
  <EFFECTIVEDATE>20170804</EFFECTIVEDATE>
  <USEFORINTEREST>No</USEFORINTEREST>
  <USEFORGAINLOSS>No</USEFORGAINLOSS>
  <USEFORGODOWNTRANSFER>No</USEFORGODOWNTRANSFER>
  <USEFORCOMPOUND>No</USEFORCOMPOUND>
  <ALTERID> 19919</ALTERID>
  <EXCISEOPENING>No</EXCISEOPENING>
  <ISCANCELLED>No</ISCANCELLED>
  <HASCASHFLOW>Yes</HASCASHFLOW>
  <ISPOSTDATED>No</ISPOSTDATED>
  <USETRACKINGNUMBER>No</USETRACKINGNUMBER>
  <ISINVOICE>No</ISINVOICE>
  <MFGJOURNAL>No</MFGJOURNAL>
  <HASDISCOUNTS>No</HASDISCOUNTS>
  <ASPAYSLIP>No</ASPAYSLIP>
  <ISDELETED>No</ISDELETED>
  <ASORIGINAL>No</ASORIGINAL>
  <ALLLEDGERENTRIES.LIST>
   <LEDGERNAME>CRS MARKETING &amp; SERVICES(P)</LEDGERNAME>
   <GSTCLASS/>
   <ISDEEMEDPOSITIVE>Yes</ISDEEMEDPOSITIVE>
   <LEDGERFROMITEM>No</LEDGERFROMITEM>
   <REMOVEZEROENTRIES>No</REMOVEZEROENTRIES>
   <ISPARTYLEDGER>Yes</ISPARTYLEDGER>
   <AMOUNT>-12021.00</AMOUNT>
   <BILLALLOCATIONS.LIST>
    <NAME>45501.</NAME>
    <BILLTYPE>Agst Ref</BILLTYPE>
    <AMOUNT>-12021.00</AMOUNT>
   </BILLALLOCATIONS.LIST>
  </ALLLEDGERENTRIES.LIST>
  <ALLLEDGERENTRIES.LIST>
   <LEDGERNAME>AMCO.BK.30279 (703000)</LEDGERNAME>
   <GSTCLASS/>
   <ISDEEMEDPOSITIVE>No</ISDEEMEDPOSITIVE>
   <LEDGERFROMITEM>No</LEDGERFROMITEM>
   <REMOVEZEROENTRIES>No</REMOVEZEROENTRIES>
   <ISPARTYLEDGER>Yes</ISPARTYLEDGER>
   <AMOUNT>12021.00</AMOUNT>
  </ALLLEDGERENTRIES.LIST>
 </VOUCHER>
</TALLYMESSAGE>
<TALLYMESSAGE xmlns:UDF="TallyUDF">
 <VOUCHER REMOTEID="c4aab193-f0e4-4462-8e73-304da9931651-00002af6" VCHTYPE="Payment" ACTION="Create">
  <DATE>20170804</DATE>
  <GUID>c4aab193-f0e4-4462-8e73-304da9931651-00002af6</GUID>
  <NARRATION>Ch. No. :000348. BILL NO 150.</NARRATION>
  <VOUCHERTYPENAME>Payment</VOUCHERTYPENAME>
  <VOUCHERNUMBER>000348.</VOUCHERNUMBER>
  <PARTYLEDGERNAME>LALSON ENGINEERING WORKS(P).</PARTYLEDGERNAME>
  <CSTFORMISSUETYPE/>
  <CSTFORMRECVTYPE/>
  <FBTPAYMENTTYPE>Default</FBTPAYMENTTYPE>
  <VCHGSTCLASS/>
  <DIFFACTUALQTY>No</DIFFACTUALQTY>
  <AUDITED>No</AUDITED>
  <FORJOBCOSTING>No</FORJOBCOSTING>
  <ISOPTIONAL>No</ISOPTIONAL>
  <EFFECTIVEDATE>20170804</EFFECTIVEDATE>
  <USEFORINTEREST>No</USEFORINTEREST>
  <USEFORGAINLOSS>No</USEFORGAINLOSS>
  <USEFORGODOWNTRANSFER>No</USEFORGODOWNTRANSFER>
  <USEFORCOMPOUND>No</USEFORCOMPOUND>
  <ALTERID> 19920</ALTERID>
  <EXCISEOPENING>No</EXCISEOPENING>
  <ISCANCELLED>No</ISCANCELLED>
  <HASCASHFLOW>Yes</HASCASHFLOW>
  <ISPOSTDATED>No</ISPOSTDATED>
  <USETRACKINGNUMBER>No</USETRACKINGNUMBER>
  <ISINVOICE>No</ISINVOICE>
  <MFGJOURNAL>No</MFGJOURNAL>
  <HASDISCOUNTS>No</HASDISCOUNTS>
  <ASPAYSLIP>No</ASPAYSLIP>
  <ISDELETED>No</ISDELETED>
  <ASORIGINAL>No</ASORIGINAL>
  <ALLLEDGERENTRIES.LIST>
   <LEDGERNAME>LALSON ENGINEERING WORKS(P).</LEDGERNAME>
   <GSTCLASS/>
   <ISDEEMEDPOSITIVE>Yes</ISDEEMEDPOSITIVE>
   <LEDGERFROMITEM>No</LEDGERFROMITEM>
   <REMOVEZEROENTRIES>No</REMOVEZEROENTRIES>
   <ISPARTYLEDGER>Yes</ISPARTYLEDGER>
   <AMOUNT>-69811.00</AMOUNT>
   <BILLALLOCATIONS.LIST>
    <NAME>150</NAME>
    <BILLCREDITPERIOD>60 Days</BILLCREDITPERIOD>
    <BILLTYPE>Agst Ref</BILLTYPE>
    <AMOUNT>-69811.00</AMOUNT>
   </BILLALLOCATIONS.LIST>
  </ALLLEDGERENTRIES.LIST>
  <ALLLEDGERENTRIES.LIST>
   <LEDGERNAME>AMCO.BK.30279 (703000)</LEDGERNAME>
   <GSTCLASS/>
   <ISDEEMEDPOSITIVE>No</ISDEEMEDPOSITIVE>
   <LEDGERFROMITEM>No</LEDGERFROMITEM>
   <REMOVEZEROENTRIES>No</REMOVEZEROENTRIES>
   <ISPARTYLEDGER>Yes</ISPARTYLEDGER>
   <AMOUNT>69811.00</AMOUNT>
  </ALLLEDGERENTRIES.LIST>
 </VOUCHER>
</TALLYMESSAGE>
<TALLYMESSAGE xmlns:UDF="TallyUDF">
 <VOUCHER REMOTEID="c4aab193-f0e4-4462-8e73-304da9931651-00002af9" VCHTYPE="Payment" ACTION="Create">
  <DATE>20170812</DATE>
  <GUID>c4aab193-f0e4-4462-8e73-304da9931651-00002af9</GUID>
  <NARRATION>Ch. No. :000349. BILL NO 2088.</NARRATION>
  <VOUCHERTYPENAME>Payment</VOUCHERTYPENAME>
  <VOUCHERNUMBER>000349.</VOUCHERNUMBER>
  <PARTYLEDGERNAME>JAYBEE TRADERS.(P)</PARTYLEDGERNAME>
  <CSTFORMISSUETYPE/>
  <CSTFORMRECVTYPE/>
  <FBTPAYMENTTYPE>Default</FBTPAYMENTTYPE>
  <VCHGSTCLASS/>
  <DIFFACTUALQTY>No</DIFFACTUALQTY>
  <AUDITED>No</AUDITED>
  <FORJOBCOSTING>No</FORJOBCOSTING>
  <ISOPTIONAL>No</ISOPTIONAL>
  <EFFECTIVEDATE>20170812</EFFECTIVEDATE>
  <USEFORINTEREST>No</USEFORINTEREST>
  <USEFORGAINLOSS>No</USEFORGAINLOSS>
  <USEFORGODOWNTRANSFER>No</USEFORGODOWNTRANSFER>
  <USEFORCOMPOUND>No</USEFORCOMPOUND>
  <ALTERID> 19923</ALTERID>
  <EXCISEOPENING>No</EXCISEOPENING>
  <ISCANCELLED>No</ISCANCELLED>
  <HASCASHFLOW>Yes</HASCASHFLOW>
  <ISPOSTDATED>No</ISPOSTDATED>
  <USETRACKINGNUMBER>No</USETRACKINGNUMBER>
  <ISINVOICE>No</ISINVOICE>
  <MFGJOURNAL>No</MFGJOURNAL>
  <HASDISCOUNTS>No</HASDISCOUNTS>
  <ASPAYSLIP>No</ASPAYSLIP>
  <ISDELETED>No</ISDELETED>
  <ASORIGINAL>No</ASORIGINAL>
  <ALLLEDGERENTRIES.LIST>
   <LEDGERNAME>JAYBEE TRADERS.(P)</LEDGERNAME>
   <GSTCLASS/>
   <ISDEEMEDPOSITIVE>Yes</ISDEEMEDPOSITIVE>
   <LEDGERFROMITEM>No</LEDGERFROMITEM>
   <REMOVEZEROENTRIES>No</REMOVEZEROENTRIES>
   <ISPARTYLEDGER>Yes</ISPARTYLEDGER>
   <AMOUNT>-99519.00</AMOUNT>
   <BILLALLOCATIONS.LIST>
    <NAME>2088</NAME>
    <BILLTYPE>Agst Ref</BILLTYPE>
    <AMOUNT>-99519.00</AMOUNT>
   </BILLALLOCATIONS.LIST>
  </ALLLEDGERENTRIES.LIST>
  <ALLLEDGERENTRIES.LIST>
   <LEDGERNAME>AMCO.BK.30279 (703000)</LEDGERNAME>
   <GSTCLASS/>
   <ISDEEMEDPOSITIVE>No</ISDEEMEDPOSITIVE>
   <LEDGERFROMITEM>No</LEDGERFROMITEM>
   <REMOVEZEROENTRIES>No</REMOVEZEROENTRIES>
   <ISPARTYLEDGER>Yes</ISPARTYLEDGER>
   <AMOUNT>99519.00</AMOUNT>
  </ALLLEDGERENTRIES.LIST>
 </VOUCHER>
</TALLYMESSAGE>
<TALLYMESSAGE xmlns:UDF="TallyUDF">
 <VOUCHER REMOTEID="c4aab193-f0e4-4462-8e73-304da9931651-00002afa" VCHTYPE="Receipt" ACTION="Create">
  <DATE>20170824</DATE>
  <GUID>c4aab193-f0e4-4462-8e73-304da9931651-00002afa</GUID>
  <NARRATION>Ch. No. :000038. KOTAK BK BILL NO 9005. OF GLOBAL ENTERPRISE.</NARRATION>
  <VOUCHERTYPENAME>Receipt</VOUCHERTYPENAME>
  <VOUCHERNUMBER>17</VOUCHERNUMBER>
  <PARTYLEDGERNAME>New Party</PARTYLEDGERNAME>
  <CSTFORMISSUETYPE/>
  <CSTFORMRECVTYPE/>
  <FBTPAYMENTTYPE>Default</FBTPAYMENTTYPE>
  <VCHGSTCLASS/>
  <DIFFACTUALQTY>No</DIFFACTUALQTY>
  <AUDITED>No</AUDITED>
  <FORJOBCOSTING>No</FORJOBCOSTING>
  <ISOPTIONAL>No</ISOPTIONAL>
  <EFFECTIVEDATE>20170824</EFFECTIVEDATE>
  <USEFORINTEREST>No</USEFORINTEREST>
  <USEFORGAINLOSS>No</USEFORGAINLOSS>
  <USEFORGODOWNTRANSFER>No</USEFORGODOWNTRANSFER>
  <USEFORCOMPOUND>No</USEFORCOMPOUND>
  <ALTERID> 19924</ALTERID>
  <EXCISEOPENING>No</EXCISEOPENING>
  <ISCANCELLED>No</ISCANCELLED>
  <HASCASHFLOW>Yes</HASCASHFLOW>
  <ISPOSTDATED>No</ISPOSTDATED>
  <USETRACKINGNUMBER>No</USETRACKINGNUMBER>
  <ISINVOICE>No</ISINVOICE>
  <MFGJOURNAL>No</MFGJOURNAL>
  <HASDISCOUNTS>No</HASDISCOUNTS>
  <ASPAYSLIP>No</ASPAYSLIP>
  <ISDELETED>No</ISDELETED>
  <ASORIGINAL>No</ASORIGINAL>
  <ALLLEDGERENTRIES.LIST>
   <LEDGERNAME>New Party</LEDGERNAME>
   <GSTCLASS/>
   <ISDEEMEDPOSITIVE>No</ISDEEMEDPOSITIVE>
   <LEDGERFROMITEM>No</LEDGERFROMITEM>
   <REMOVEZEROENTRIES>No</REMOVEZEROENTRIES>
   <ISPARTYLEDGER>Yes</ISPARTYLEDGER>
   <AMOUNT>32228.00</AMOUNT>
  </ALLLEDGERENTRIES.LIST>
  <ALLLEDGERENTRIES.LIST>
   <LEDGERNAME>AMCO.BK.30279 (703000)</LEDGERNAME>
   <GSTCLASS/>
   <ISDEEMEDPOSITIVE>Yes</ISDEEMEDPOSITIVE>
   <LEDGERFROMITEM>No</LEDGERFROMITEM>
   <REMOVEZEROENTRIES>No</REMOVEZEROENTRIES>
   <ISPARTYLEDGER>Yes</ISPARTYLEDGER>
   <AMOUNT>-32228.00</AMOUNT>
  </ALLLEDGERENTRIES.LIST>
 </VOUCHER>
</TALLYMESSAGE>
<TALLYMESSAGE xmlns:UDF="TallyUDF">
 <VOUCHER REMOTEID="c4aab193-f0e4-4462-8e73-304da9931651-00002afc" VCHTYPE="Payment" ACTION="Create">
  <DATE>20170828</DATE>
  <GUID>c4aab193-f0e4-4462-8e73-304da9931651-00002afc</GUID>
  <NARRATION>PAID CASH FOR THE MONTH OF JULY 2017.</NARRATION>
  <VOUCHERTYPENAME>Payment</VOUCHERTYPENAME>
  <VOUCHERNUMBER>NEWS PAPER</VOUCHERNUMBER>
  <PARTYLEDGERNAME>Cash</PARTYLEDGERNAME>
  <CSTFORMISSUETYPE/>
  <CSTFORMRECVTYPE/>
  <FBTPAYMENTTYPE>Default</FBTPAYMENTTYPE>
  <VCHGSTCLASS/>
  <DIFFACTUALQTY>No</DIFFACTUALQTY>
  <AUDITED>No</AUDITED>
  <FORJOBCOSTING>No</FORJOBCOSTING>
  <ISOPTIONAL>No</ISOPTIONAL>
  <EFFECTIVEDATE>20170828</EFFECTIVEDATE>
  <USEFORINTEREST>No</USEFORINTEREST>
  <USEFORGAINLOSS>No</USEFORGAINLOSS>
  <USEFORGODOWNTRANSFER>No</USEFORGODOWNTRANSFER>
  <USEFORCOMPOUND>No</USEFORCOMPOUND>
  <ALTERID> 19927</ALTERID>
  <EXCISEOPENING>No</EXCISEOPENING>
  <ISCANCELLED>No</ISCANCELLED>
  <HASCASHFLOW>Yes</HASCASHFLOW>
  <ISPOSTDATED>No</ISPOSTDATED>
  <USETRACKINGNUMBER>No</USETRACKINGNUMBER>
  <ISINVOICE>No</ISINVOICE>
  <MFGJOURNAL>No</MFGJOURNAL>
  <HASDISCOUNTS>No</HASDISCOUNTS>
  <ASPAYSLIP>No</ASPAYSLIP>
  <ISDELETED>No</ISDELETED>
  <ASORIGINAL>No</ASORIGINAL>
  <ALLLEDGERENTRIES.LIST>
   <LEDGERNAME>NEWS PAPER &amp; PERIODICAL.</LEDGERNAME>
   <GSTCLASS/>
   <ISDEEMEDPOSITIVE>Yes</ISDEEMEDPOSITIVE>
   <LEDGERFROMITEM>No</LEDGERFROMITEM>
   <REMOVEZEROENTRIES>No</REMOVEZEROENTRIES>
   <ISPARTYLEDGER>No</ISPARTYLEDGER>
   <AMOUNT>-104.00</AMOUNT>
  </ALLLEDGERENTRIES.LIST>
  <ALLLEDGERENTRIES.LIST>
   <LEDGERNAME>Cash</LEDGERNAME>
   <GSTCLASS/>
   <ISDEEMEDPOSITIVE>No</ISDEEMEDPOSITIVE>
   <LEDGERFROMITEM>No</LEDGERFROMITEM>
   <REMOVEZEROENTRIES>No</REMOVEZEROENTRIES>
   <ISPARTYLEDGER>Yes</ISPARTYLEDGER>
   <AMOUNT>104.00</AMOUNT>
  </ALLLEDGERENTRIES.LIST>
 </VOUCHER>
</TALLYMESSAGE>
</REQUESTDATA>
</IMPORTDATA>
</BODY>
</ENVELOPE>
