
<ENVELOPE>
  <HEADER>
    <TALLYREQUEST>Import Data</TALLYREQUEST> 
  </HEADER>
  <BODY>
  <IMPORTDATA>
  <REQUESTDESC>
    <REPORTNAME>All Masters</REPORTNAME> 
    <STATICVARIABLES>
      <SVCURRENTCOMPANY>KC 07-08 - (Open,Current)</SVCURRENTCOMPANY> 
    </STATICVARIABLES>
  </REQUESTDESC>
  <REQUESTDATA>
<TALLYMESSAGE xmlns:UDF="TallyUDF">
<VOUCHER REMOTEID="c4aab193-f0e4-4462-8e73-304da9931651-00012101" VCHTYPE="Sales" ACTION="Create">
<DATE>26/04/2018</DATE>
<NARRATION>Auto on 02/05/2018 Party : COUNTER SALES</NARRATION>
<VOUCHERTYPENAME>Sales</VOUCHERTYPENAME>
<VOUCHERNUMBER>012101</VOUCHERNUMBER>
<PARTYLEDGERNAME>COUNTER SALES</PARTYLEDGERNAME>
  <CSTFORMISSUETYPE /> 
  <CSTFORMRECVTYPE /> 
  <FBTPAYMENTTYPE>Default</FBTPAYMENTTYPE> 
  <VCHGSTCLASS /> 
  <DIFFACTUALQTY>No</DIFFACTUALQTY> 
  <AUDITED>No</AUDITED> 
  <FORJOBCOSTING>No</FORJOBCOSTING> 
  <ISOPTIONAL>NO</ISOPTIONAL> 
  <EFFECTIVEDATE>26/04/2018</EFFECTIVEDATE> 
  <USEFORINTEREST>No</USEFORINTEREST> 
  <USEFORGAINLOSS>No</USEFORGAINLOSS> 
  <USEFORGODOWNTRANSFER>No</USEFORGODOWNTRANSFER> 
  <USEFORCOMPOUND>No</USEFORCOMPOUND> 
  <ALTERID></ALTERID> 
  <EXCISEOPENING>No</EXCISEOPENING> 
  <ISCANCELLED>NO</ISCANCELLED> 
  <HASCASHFLOW>No</HASCASHFLOW> 
  <ISPOSTDATED>NO</ISPOSTDATED> 
  <USETRACKINGNUMBER>NO</USETRACKINGNUMBER> 
  <ISINVOICE>No</ISINVOICE> 
  <MFGJOURNAL>No</MFGJOURNAL> 
  <HASDISCOUNTS>No</HASDISCOUNTS> 
  <ASPAYSLIP>No</ASPAYSLIP> 
  <ISDELETED>No</ISDELETED> 
  <ASORIGINAL>No</ASORIGINAL> 
<ALLLEDGERENTRIES.LIST>
<LEDGERNAME>COUNTER SALES</LEDGERNAME> 
<GSTCLASS /> 
<ISDEEMEDPOSITIVE>YES</ISDEEMEDPOSITIVE> 
<LEDGERFROMITEM>No</LEDGERFROMITEM> 
<REMOVEZEROENTRIES>No</REMOVEZEROENTRIES> 
<ISPARTYLEDGER>Yes</ISPARTYLEDGER> 
<AMOUNT>-415</AMOUNT> 
    <BILLALLOCATIONS.LIST>
      <NAME>012101</NAME> 
      <BILLCREDITPERIOD>0Days</BILLCREDITPERIOD> 
      <BILLTYPE>New Ref</BILLTYPE> 
      <AMOUNT>-415</AMOUNT> 
    </BILLALLOCATIONS.LIST>
</ALLLEDGERENTRIES.LIST>
<ALLLEDGERENTRIES.LIST>
<LEDGERNAME>[21] OMS Sale 18% GST                             </LEDGERNAME> 
<GSTCLASS /> 
<ISDEEMEDPOSITIVE>NO</ISDEEMEDPOSITIVE> 
<LEDGERFROMITEM>No</LEDGERFROMITEM> 
<REMOVEZEROENTRIES>No</REMOVEZEROENTRIES> 
<ISPARTYLEDGER>Yes</ISPARTYLEDGER> 
<AMOUNT>352.00</AMOUNT> 
</ALLLEDGERENTRIES.LIST>
<ALLLEDGERENTRIES.LIST>
<LEDGERNAME>[22] 18% IGST Output Tax                          </LEDGERNAME> 
<GSTCLASS /> 
<ISDEEMEDPOSITIVE>NO</ISDEEMEDPOSITIVE> 
<LEDGERFROMITEM>No</LEDGERFROMITEM> 
<REMOVEZEROENTRIES>No</REMOVEZEROENTRIES> 
<ISPARTYLEDGER>Yes</ISPARTYLEDGER> 
<AMOUNT>63</AMOUNT> 
</ALLLEDGERENTRIES.LIST>
</VOUCHER>
</TALLYMESSAGE>
  </REQUESTDATA>
  </IMPORTDATA>
  </BODY>
  </ENVELOPE>