
<ENVELOPE>
  <HEADER>
    <TALLYREQUEST>Import Data</TALLYREQUEST> 
  </HEADER>
  <BODY>
  <IMPORTDATA>
  <REQUESTDESC>
    <REPORTNAME>All Masters</REPORTNAME> 
    <STATICVARIABLES>
      <SVCURRENTCOMPANY>KC 07-08 - (Open,Current)</SVCURRENTCOMPANY> 
    </STATICVARIABLES>
  </REQUESTDESC>
  <REQUESTDATA>
<TALLYMESSAGE xmlns:UDF="TallyUDF">
<VOUCHER REMOTEID="c4aab193-f0e4-4462-8e73-304da9931651-000026de" VCHTYPE="Sales" ACTION="Create">
<DATE>07/07/2017</DATE>
<NARRATION>Auto on 02/09/2017 Party : PRECISION ELECT.INST. &amp; COMPON</NARRATION>
<VOUCHERTYPENAME>Sales</VOUCHERTYPENAME>
<VOUCHERNUMBER>009001</VOUCHERNUMBER>
<PARTYLEDGERNAME>PRECISION ELECT.INST. &amp; COMPON</PARTYLEDGERNAME>
  <CSTFORMISSUETYPE /> 
  <CSTFORMRECVTYPE /> 
  <FBTPAYMENTTYPE>Default</FBTPAYMENTTYPE> 
  <VCHGSTCLASS /> 
  <DIFFACTUALQTY>No</DIFFACTUALQTY> 
  <AUDITED>No</AUDITED> 
  <FORJOBCOSTING>No</FORJOBCOSTING> 
  <ISOPTIONAL>NO</ISOPTIONAL> 
  <EFFECTIVEDATE>07/07/2017</EFFECTIVEDATE> 
  <USEFORINTEREST>No</USEFORINTEREST> 
  <USEFORGAINLOSS>No</USEFORGAINLOSS> 
  <USEFORGODOWNTRANSFER>No</USEFORGODOWNTRANSFER> 
  <USEFORCOMPOUND>No</USEFORCOMPOUND> 
  <ALTERID></ALTERID> 
  <EXCISEOPENING>No</EXCISEOPENING> 
  <ISCANCELLED>NO</ISCANCELLED> 
  <HASCASHFLOW>No</HASCASHFLOW> 
  <ISPOSTDATED>NO</ISPOSTDATED> 
  <USETRACKINGNUMBER>NO</USETRACKINGNUMBER> 
  <ISINVOICE>No</ISINVOICE> 
  <MFGJOURNAL>No</MFGJOURNAL> 
  <HASDISCOUNTS>No</HASDISCOUNTS> 
  <ASPAYSLIP>No</ASPAYSLIP> 
  <ISDELETED>No</ISDELETED> 
  <ASORIGINAL>No</ASORIGINAL> 
<ALLLEDGERENTRIES.LIST>
<LEDGERNAME>PRECISION ELECT.INST. &amp; COMPON</LEDGERNAME> 
<GSTCLASS /> 
<ISDEEMEDPOSITIVE>YES</ISDEEMEDPOSITIVE> 
<LEDGERFROMITEM>No</LEDGERFROMITEM> 
<REMOVEZEROENTRIES>No</REMOVEZEROENTRIES> 
<ISPARTYLEDGER>Yes</ISPARTYLEDGER> 
<AMOUNT>-4060</AMOUNT> 
    <BILLALLOCATIONS.LIST>
      <NAME>009001</NAME> 
      <BILLCREDITPERIOD>0Days</BILLCREDITPERIOD> 
      <BILLTYPE>New Ref</BILLTYPE> 
      <AMOUNT>-4060</AMOUNT> 
    </BILLALLOCATIONS.LIST>
</ALLLEDGERENTRIES.LIST>
<ALLLEDGERENTRIES.LIST>
<LEDGERNAME>[01] Local Sales 18% GST                          </LEDGERNAME> 
<GSTCLASS /> 
<ISDEEMEDPOSITIVE>NO</ISDEEMEDPOSITIVE> 
<LEDGERFROMITEM>No</LEDGERFROMITEM> 
<REMOVEZEROENTRIES>No</REMOVEZEROENTRIES> 
<ISPARTYLEDGER>Yes</ISPARTYLEDGER> 
<AMOUNT>3440.00</AMOUNT> 
</ALLLEDGERENTRIES.LIST>
<ALLLEDGERENTRIES.LIST>
<LEDGERNAME>[02] 9% CGST Output                               </LEDGERNAME> 
<GSTCLASS /> 
<ISDEEMEDPOSITIVE>NO</ISDEEMEDPOSITIVE> 
<LEDGERFROMITEM>No</LEDGERFROMITEM> 
<REMOVEZEROENTRIES>No</REMOVEZEROENTRIES> 
<ISPARTYLEDGER>Yes</ISPARTYLEDGER> 
<AMOUNT>310</AMOUNT> 
</ALLLEDGERENTRIES.LIST>
<ALLLEDGERENTRIES.LIST>
<LEDGERNAME>[03] 9% SGST Output                               </LEDGERNAME> 
<GSTCLASS /> 
<ISDEEMEDPOSITIVE>NO</ISDEEMEDPOSITIVE> 
<LEDGERFROMITEM>No</LEDGERFROMITEM> 
<REMOVEZEROENTRIES>No</REMOVEZEROENTRIES> 
<ISPARTYLEDGER>Yes</ISPARTYLEDGER> 
<AMOUNT>310</AMOUNT> 
</ALLLEDGERENTRIES.LIST>
</VOUCHER>
</TALLYMESSAGE>
<TALLYMESSAGE xmlns:UDF="TallyUDF">
<VOUCHER REMOTEID="c4aab193-f0e4-4462-8e73-304da9931651-000026de" VCHTYPE="Sales" ACTION="Create">
<DATE>02/08/2017</DATE>
<NARRATION>Auto on 02/09/2017 Party : ROYAL INDUSTRIES.</NARRATION>
<VOUCHERTYPENAME>Sales</VOUCHERTYPENAME>
<VOUCHERNUMBER>009003</VOUCHERNUMBER>
<PARTYLEDGERNAME>ROYAL INDUSTRIES.</PARTYLEDGERNAME>
  <CSTFORMISSUETYPE /> 
  <CSTFORMRECVTYPE /> 
  <FBTPAYMENTTYPE>Default</FBTPAYMENTTYPE> 
  <VCHGSTCLASS /> 
  <DIFFACTUALQTY>No</DIFFACTUALQTY> 
  <AUDITED>No</AUDITED> 
  <FORJOBCOSTING>No</FORJOBCOSTING> 
  <ISOPTIONAL>NO</ISOPTIONAL> 
  <EFFECTIVEDATE>02/08/2017</EFFECTIVEDATE> 
  <USEFORINTEREST>No</USEFORINTEREST> 
  <USEFORGAINLOSS>No</USEFORGAINLOSS> 
  <USEFORGODOWNTRANSFER>No</USEFORGODOWNTRANSFER> 
  <USEFORCOMPOUND>No</USEFORCOMPOUND> 
  <ALTERID></ALTERID> 
  <EXCISEOPENING>No</EXCISEOPENING> 
  <ISCANCELLED>NO</ISCANCELLED> 
  <HASCASHFLOW>No</HASCASHFLOW> 
  <ISPOSTDATED>NO</ISPOSTDATED> 
  <USETRACKINGNUMBER>NO</USETRACKINGNUMBER> 
  <ISINVOICE>No</ISINVOICE> 
  <MFGJOURNAL>No</MFGJOURNAL> 
  <HASDISCOUNTS>No</HASDISCOUNTS> 
  <ASPAYSLIP>No</ASPAYSLIP> 
  <ISDELETED>No</ISDELETED> 
  <ASORIGINAL>No</ASORIGINAL> 
<ALLLEDGERENTRIES.LIST>
<LEDGERNAME>ROYAL INDUSTRIES.</LEDGERNAME> 
<GSTCLASS /> 
<ISDEEMEDPOSITIVE>YES</ISDEEMEDPOSITIVE> 
<LEDGERFROMITEM>No</LEDGERFROMITEM> 
<REMOVEZEROENTRIES>No</REMOVEZEROENTRIES> 
<ISPARTYLEDGER>Yes</ISPARTYLEDGER> 
<AMOUNT>-7898</AMOUNT> 
    <BILLALLOCATIONS.LIST>
      <NAME>009003</NAME> 
      <BILLCREDITPERIOD>0Days</BILLCREDITPERIOD> 
      <BILLTYPE>New Ref</BILLTYPE> 
      <AMOUNT>-7898</AMOUNT> 
    </BILLALLOCATIONS.LIST>
</ALLLEDGERENTRIES.LIST>
<ALLLEDGERENTRIES.LIST>
<LEDGERNAME>[01] Local Sales 18% GST                          </LEDGERNAME> 
<GSTCLASS /> 
<ISDEEMEDPOSITIVE>NO</ISDEEMEDPOSITIVE> 
<LEDGERFROMITEM>No</LEDGERFROMITEM> 
<REMOVEZEROENTRIES>No</REMOVEZEROENTRIES> 
<ISPARTYLEDGER>Yes</ISPARTYLEDGER> 
<AMOUNT>6694.00</AMOUNT> 
</ALLLEDGERENTRIES.LIST>
<ALLLEDGERENTRIES.LIST>
<LEDGERNAME>[02] 9% CGST Output                               </LEDGERNAME> 
<GSTCLASS /> 
<ISDEEMEDPOSITIVE>NO</ISDEEMEDPOSITIVE> 
<LEDGERFROMITEM>No</LEDGERFROMITEM> 
<REMOVEZEROENTRIES>No</REMOVEZEROENTRIES> 
<ISPARTYLEDGER>Yes</ISPARTYLEDGER> 
<AMOUNT>602</AMOUNT> 
</ALLLEDGERENTRIES.LIST>
<ALLLEDGERENTRIES.LIST>
<LEDGERNAME>[03] 9% SGST Output                               </LEDGERNAME> 
<GSTCLASS /> 
<ISDEEMEDPOSITIVE>NO</ISDEEMEDPOSITIVE> 
<LEDGERFROMITEM>No</LEDGERFROMITEM> 
<REMOVEZEROENTRIES>No</REMOVEZEROENTRIES> 
<ISPARTYLEDGER>Yes</ISPARTYLEDGER> 
<AMOUNT>602</AMOUNT> 
</ALLLEDGERENTRIES.LIST>
</VOUCHER>
</TALLYMESSAGE>
<TALLYMESSAGE xmlns:UDF="TallyUDF">
<VOUCHER REMOTEID="c4aab193-f0e4-4462-8e73-304da9931651-000026de" VCHTYPE="Sales" ACTION="Create">
<DATE>23/08/2017</DATE>
<NARRATION>Auto on 02/09/2017 Party : GLOBAL ENTERPRISE.</NARRATION>
<VOUCHERTYPENAME>Sales</VOUCHERTYPENAME>
<VOUCHERNUMBER>009005</VOUCHERNUMBER>
<PARTYLEDGERNAME>GLOBAL ENTERPRISE.</PARTYLEDGERNAME>
  <CSTFORMISSUETYPE /> 
  <CSTFORMRECVTYPE /> 
  <FBTPAYMENTTYPE>Default</FBTPAYMENTTYPE> 
  <VCHGSTCLASS /> 
  <DIFFACTUALQTY>No</DIFFACTUALQTY> 
  <AUDITED>No</AUDITED> 
  <FORJOBCOSTING>No</FORJOBCOSTING> 
  <ISOPTIONAL>NO</ISOPTIONAL> 
  <EFFECTIVEDATE>23/08/2017</EFFECTIVEDATE> 
  <USEFORINTEREST>No</USEFORINTEREST> 
  <USEFORGAINLOSS>No</USEFORGAINLOSS> 
  <USEFORGODOWNTRANSFER>No</USEFORGODOWNTRANSFER> 
  <USEFORCOMPOUND>No</USEFORCOMPOUND> 
  <ALTERID></ALTERID> 
  <EXCISEOPENING>No</EXCISEOPENING> 
  <ISCANCELLED>NO</ISCANCELLED> 
  <HASCASHFLOW>No</HASCASHFLOW> 
  <ISPOSTDATED>NO</ISPOSTDATED> 
  <USETRACKINGNUMBER>NO</USETRACKINGNUMBER> 
  <ISINVOICE>No</ISINVOICE> 
  <MFGJOURNAL>No</MFGJOURNAL> 
  <HASDISCOUNTS>No</HASDISCOUNTS> 
  <ASPAYSLIP>No</ASPAYSLIP> 
  <ISDELETED>No</ISDELETED> 
  <ASORIGINAL>No</ASORIGINAL> 
<ALLLEDGERENTRIES.LIST>
<LEDGERNAME>GLOBAL ENTERPRISE.</LEDGERNAME> 
<GSTCLASS /> 
<ISDEEMEDPOSITIVE>YES</ISDEEMEDPOSITIVE> 
<LEDGERFROMITEM>No</LEDGERFROMITEM> 
<REMOVEZEROENTRIES>No</REMOVEZEROENTRIES> 
<ISPARTYLEDGER>Yes</ISPARTYLEDGER> 
<AMOUNT>-32228</AMOUNT> 
    <BILLALLOCATIONS.LIST>
      <NAME>009005</NAME> 
      <BILLCREDITPERIOD>0Days</BILLCREDITPERIOD> 
      <BILLTYPE>New Ref</BILLTYPE> 
      <AMOUNT>-32228</AMOUNT> 
    </BILLALLOCATIONS.LIST>
</ALLLEDGERENTRIES.LIST>
<ALLLEDGERENTRIES.LIST>
<LEDGERNAME>[21] OMS Sale 18% GST                             </LEDGERNAME> 
<GSTCLASS /> 
<ISDEEMEDPOSITIVE>NO</ISDEEMEDPOSITIVE> 
<LEDGERFROMITEM>No</LEDGERFROMITEM> 
<REMOVEZEROENTRIES>No</REMOVEZEROENTRIES> 
<ISPARTYLEDGER>Yes</ISPARTYLEDGER> 
<AMOUNT>27312.00</AMOUNT> 
</ALLLEDGERENTRIES.LIST>
<ALLLEDGERENTRIES.LIST>
<LEDGERNAME>[22] 18% IGST Output Tax                          </LEDGERNAME> 
<GSTCLASS /> 
<ISDEEMEDPOSITIVE>NO</ISDEEMEDPOSITIVE> 
<LEDGERFROMITEM>No</LEDGERFROMITEM> 
<REMOVEZEROENTRIES>No</REMOVEZEROENTRIES> 
<ISPARTYLEDGER>Yes</ISPARTYLEDGER> 
<AMOUNT>4916</AMOUNT> 
</ALLLEDGERENTRIES.LIST>
</VOUCHER>
</TALLYMESSAGE>
<TALLYMESSAGE xmlns:UDF="TallyUDF">
<VOUCHER REMOTEID="c4aab193-f0e4-4462-8e73-304da9931651-000026de" VCHTYPE="Sales" ACTION="Create">
<DATE>29/08/2017</DATE>
<NARRATION>Auto on 02/09/2017 Party : M.B. SUGAR &amp; PHARM LTD.</NARRATION>
<VOUCHERTYPENAME>Sales</VOUCHERTYPENAME>
<VOUCHERNUMBER>009006</VOUCHERNUMBER>
<PARTYLEDGERNAME>M.B. SUGAR &amp; PHARM LTD.</PARTYLEDGERNAME>
  <CSTFORMISSUETYPE /> 
  <CSTFORMRECVTYPE /> 
  <FBTPAYMENTTYPE>Default</FBTPAYMENTTYPE> 
  <VCHGSTCLASS /> 
  <DIFFACTUALQTY>No</DIFFACTUALQTY> 
  <AUDITED>No</AUDITED> 
  <FORJOBCOSTING>No</FORJOBCOSTING> 
  <ISOPTIONAL>NO</ISOPTIONAL> 
  <EFFECTIVEDATE>29/08/2017</EFFECTIVEDATE> 
  <USEFORINTEREST>No</USEFORINTEREST> 
  <USEFORGAINLOSS>No</USEFORGAINLOSS> 
  <USEFORGODOWNTRANSFER>No</USEFORGODOWNTRANSFER> 
  <USEFORCOMPOUND>No</USEFORCOMPOUND> 
  <ALTERID></ALTERID> 
  <EXCISEOPENING>No</EXCISEOPENING> 
  <ISCANCELLED>NO</ISCANCELLED> 
  <HASCASHFLOW>No</HASCASHFLOW> 
  <ISPOSTDATED>NO</ISPOSTDATED> 
  <USETRACKINGNUMBER>NO</USETRACKINGNUMBER> 
  <ISINVOICE>No</ISINVOICE> 
  <MFGJOURNAL>No</MFGJOURNAL> 
  <HASDISCOUNTS>No</HASDISCOUNTS> 
  <ASPAYSLIP>No</ASPAYSLIP> 
  <ISDELETED>No</ISDELETED> 
  <ASORIGINAL>No</ASORIGINAL> 
<ALLLEDGERENTRIES.LIST>
<LEDGERNAME>M.B. SUGAR &amp; PHARM LTD.</LEDGERNAME> 
<GSTCLASS /> 
<ISDEEMEDPOSITIVE>YES</ISDEEMEDPOSITIVE> 
<LEDGERFROMITEM>No</LEDGERFROMITEM> 
<REMOVEZEROENTRIES>No</REMOVEZEROENTRIES> 
<ISPARTYLEDGER>Yes</ISPARTYLEDGER> 
<AMOUNT>-4043</AMOUNT> 
    <BILLALLOCATIONS.LIST>
      <NAME>009006</NAME> 
      <BILLCREDITPERIOD>0Days</BILLCREDITPERIOD> 
      <BILLTYPE>New Ref</BILLTYPE> 
      <AMOUNT>-4043</AMOUNT> 
    </BILLALLOCATIONS.LIST>
</ALLLEDGERENTRIES.LIST>
<ALLLEDGERENTRIES.LIST>
<LEDGERNAME>[01] Local Sales 18% GST                          </LEDGERNAME> 
<GSTCLASS /> 
<ISDEEMEDPOSITIVE>NO</ISDEEMEDPOSITIVE> 
<LEDGERFROMITEM>No</LEDGERFROMITEM> 
<REMOVEZEROENTRIES>No</REMOVEZEROENTRIES> 
<ISPARTYLEDGER>Yes</ISPARTYLEDGER> 
<AMOUNT>3427.00</AMOUNT> 
</ALLLEDGERENTRIES.LIST>
<ALLLEDGERENTRIES.LIST>
<LEDGERNAME>[02] 9% CGST Output                               </LEDGERNAME> 
<GSTCLASS /> 
<ISDEEMEDPOSITIVE>NO</ISDEEMEDPOSITIVE> 
<LEDGERFROMITEM>No</LEDGERFROMITEM> 
<REMOVEZEROENTRIES>No</REMOVEZEROENTRIES> 
<ISPARTYLEDGER>Yes</ISPARTYLEDGER> 
<AMOUNT>308</AMOUNT> 
</ALLLEDGERENTRIES.LIST>
<ALLLEDGERENTRIES.LIST>
<LEDGERNAME>[03] 9% SGST Output                               </LEDGERNAME> 
<GSTCLASS /> 
<ISDEEMEDPOSITIVE>NO</ISDEEMEDPOSITIVE> 
<LEDGERFROMITEM>No</LEDGERFROMITEM> 
<REMOVEZEROENTRIES>No</REMOVEZEROENTRIES> 
<ISPARTYLEDGER>Yes</ISPARTYLEDGER> 
<AMOUNT>308</AMOUNT> 
</ALLLEDGERENTRIES.LIST>
</VOUCHER>
</TALLYMESSAGE>
<TALLYMESSAGE xmlns:UDF="TallyUDF">
<VOUCHER REMOTEID="c4aab193-f0e4-4462-8e73-304da9931651-000026de" VCHTYPE="Sales" ACTION="Create">
<DATE>31/08/2017</DATE>
<NARRATION>Auto on 02/09/2017 Party : C.P.VALVES INDUSTRY.</NARRATION>
<VOUCHERTYPENAME>Sales</VOUCHERTYPENAME>
<VOUCHERNUMBER>009007</VOUCHERNUMBER>
<PARTYLEDGERNAME>C.P.VALVES INDUSTRY.</PARTYLEDGERNAME>
  <CSTFORMISSUETYPE /> 
  <CSTFORMRECVTYPE /> 
  <FBTPAYMENTTYPE>Default</FBTPAYMENTTYPE> 
  <VCHGSTCLASS /> 
  <DIFFACTUALQTY>No</DIFFACTUALQTY> 
  <AUDITED>No</AUDITED> 
  <FORJOBCOSTING>No</FORJOBCOSTING> 
  <ISOPTIONAL>NO</ISOPTIONAL> 
  <EFFECTIVEDATE>31/08/2017</EFFECTIVEDATE> 
  <USEFORINTEREST>No</USEFORINTEREST> 
  <USEFORGAINLOSS>No</USEFORGAINLOSS> 
  <USEFORGODOWNTRANSFER>No</USEFORGODOWNTRANSFER> 
  <USEFORCOMPOUND>No</USEFORCOMPOUND> 
  <ALTERID></ALTERID> 
  <EXCISEOPENING>No</EXCISEOPENING> 
  <ISCANCELLED>NO</ISCANCELLED> 
  <HASCASHFLOW>No</HASCASHFLOW> 
  <ISPOSTDATED>NO</ISPOSTDATED> 
  <USETRACKINGNUMBER>NO</USETRACKINGNUMBER> 
  <ISINVOICE>No</ISINVOICE> 
  <MFGJOURNAL>No</MFGJOURNAL> 
  <HASDISCOUNTS>No</HASDISCOUNTS> 
  <ASPAYSLIP>No</ASPAYSLIP> 
  <ISDELETED>No</ISDELETED> 
  <ASORIGINAL>No</ASORIGINAL> 
<ALLLEDGERENTRIES.LIST>
<LEDGERNAME>C.P.VALVES INDUSTRY.</LEDGERNAME> 
<GSTCLASS /> 
<ISDEEMEDPOSITIVE>YES</ISDEEMEDPOSITIVE> 
<LEDGERFROMITEM>No</LEDGERFROMITEM> 
<REMOVEZEROENTRIES>No</REMOVEZEROENTRIES> 
<ISPARTYLEDGER>Yes</ISPARTYLEDGER> 
<AMOUNT>-8667</AMOUNT> 
    <BILLALLOCATIONS.LIST>
      <NAME>009007</NAME> 
      <BILLCREDITPERIOD>0Days</BILLCREDITPERIOD> 
      <BILLTYPE>New Ref</BILLTYPE> 
      <AMOUNT>-8667</AMOUNT> 
    </BILLALLOCATIONS.LIST>
</ALLLEDGERENTRIES.LIST>
<ALLLEDGERENTRIES.LIST>
<LEDGERNAME>[01] Local Sales 18% GST                          </LEDGERNAME> 
<GSTCLASS /> 
<ISDEEMEDPOSITIVE>NO</ISDEEMEDPOSITIVE> 
<LEDGERFROMITEM>No</LEDGERFROMITEM> 
<REMOVEZEROENTRIES>No</REMOVEZEROENTRIES> 
<ISPARTYLEDGER>Yes</ISPARTYLEDGER> 
<AMOUNT>7345.40</AMOUNT> 
</ALLLEDGERENTRIES.LIST>
<ALLLEDGERENTRIES.LIST>
<LEDGERNAME>[02] 9% CGST Output                               </LEDGERNAME> 
<GSTCLASS /> 
<ISDEEMEDPOSITIVE>NO</ISDEEMEDPOSITIVE> 
<LEDGERFROMITEM>No</LEDGERFROMITEM> 
<REMOVEZEROENTRIES>No</REMOVEZEROENTRIES> 
<ISPARTYLEDGER>Yes</ISPARTYLEDGER> 
<AMOUNT>661</AMOUNT> 
</ALLLEDGERENTRIES.LIST>
<ALLLEDGERENTRIES.LIST>
<LEDGERNAME>[03] 9% SGST Output                               </LEDGERNAME> 
<GSTCLASS /> 
<ISDEEMEDPOSITIVE>NO</ISDEEMEDPOSITIVE> 
<LEDGERFROMITEM>No</LEDGERFROMITEM> 
<REMOVEZEROENTRIES>No</REMOVEZEROENTRIES> 
<ISPARTYLEDGER>Yes</ISPARTYLEDGER> 
<AMOUNT>661</AMOUNT> 
</ALLLEDGERENTRIES.LIST>
<ALLLEDGERENTRIES.LIST>
<LEDGERNAME>vatav kasar</LEDGERNAME> 
<GSTCLASS /> 
<ISDEEMEDPOSITIVE>NO</ISDEEMEDPOSITIVE> 
<LEDGERFROMITEM>No</LEDGERFROMITEM> 
<REMOVEZEROENTRIES>No</REMOVEZEROENTRIES> 
<ISPARTYLEDGER>Yes</ISPARTYLEDGER> 
<AMOUNT>-0.40</AMOUNT> 
</ALLLEDGERENTRIES.LIST>
</VOUCHER>
</TALLYMESSAGE>
  </REQUESTDATA>
  </IMPORTDATA>
  </BODY>
  </ENVELOPE>