
<ENVELOPE>
  <HEADER>
    <TALLYREQUEST>Import Data</TALLYREQUEST> 
  </HEADER>
  <BODY>
  <IMPORTDATA>
  <REQUESTDESC>
    <REPORTNAME>All Masters</REPORTNAME> 
    <STATICVARIABLES>
      <SVCURRENTCOMPANY>KC 07-08 - (Open,Current)</SVCURRENTCOMPANY> 
    </STATICVARIABLES>
  </REQUESTDESC>
  <REQUESTDATA>

<TALLYMESSAGE xmlns:UDF="TallyUDF">
<VOUCHER REMOTEID="c4aab193-f0e4-4462-8e73-304da9931651-000026de" VCHTYPE="Sales" ACTION="Create">
<DATE>21/07/17</DATE>
<NARRATION>Auto on 19/08/17 Party : S.V.ENTERPRISES.</NARRATION>
<VOUCHERTYPENAME>Sales</VOUCHERTYPENAME>
<VOUCHERNUMBER>024015</VOUCHERNUMBER>
<PARTYLEDGERNAME>NEW PARTY</PARTYLEDGERNAME>
  <CSTFORMISSUETYPE /> 
  <CSTFORMRECVTYPE /> 
  <FBTPAYMENTTYPE>Default</FBTPAYMENTTYPE> 
  <VCHGSTCLASS /> 
  <DIFFACTUALQTY>No</DIFFACTUALQTY> 
  <AUDITED>No</AUDITED> 
  <FORJOBCOSTING>No</FORJOBCOSTING> 
  <ISOPTIONAL>NO</ISOPTIONAL> 
  <EFFECTIVEDATE>21/07/17</EFFECTIVEDATE> 
  <USEFORINTEREST>No</USEFORINTEREST> 
  <USEFORGAINLOSS>No</USEFORGAINLOSS> 
  <USEFORGODOWNTRANSFER>No</USEFORGODOWNTRANSFER> 
  <USEFORCOMPOUND>No</USEFORCOMPOUND> 
  <ALTERID></ALTERID> 
  <EXCISEOPENING>No</EXCISEOPENING> 
  <ISCANCELLED>NO</ISCANCELLED> 
  <HASCASHFLOW>No</HASCASHFLOW> 
  <ISPOSTDATED>NO</ISPOSTDATED> 
  <USETRACKINGNUMBER>NO</USETRACKINGNUMBER> 
  <ISINVOICE>No</ISINVOICE> 
  <MFGJOURNAL>No</MFGJOURNAL> 
  <HASDISCOUNTS>No</HASDISCOUNTS> 
  <ASPAYSLIP>No</ASPAYSLIP> 
  <ISDELETED>No</ISDELETED> 
  <ASORIGINAL>No</ASORIGINAL> 
<ALLLEDGERENTRIES.LIST>
<LEDGERNAME>NEW PARTY</LEDGERNAME> 
<GSTCLASS /> 
<ISDEEMEDPOSITIVE>YES</ISDEEMEDPOSITIVE> 
<LEDGERFROMITEM>No</LEDGERFROMITEM> 
<REMOVEZEROENTRIES>No</REMOVEZEROENTRIES> 
<ISPARTYLEDGER>Yes</ISPARTYLEDGER> 
<AMOUNT>-9278.00</AMOUNT> 
    <BILLALLOCATIONS.LIST>
      <NAME>024015</NAME> 
      <BILLCREDITPERIOD>0Days</BILLCREDITPERIOD> 
      <BILLTYPE>New Ref</BILLTYPE> 
      <AMOUNT>-9278.00</AMOUNT> 
    </BILLALLOCATIONS.LIST>
</ALLLEDGERENTRIES.LIST>
<ALLLEDGERENTRIES.LIST>
<LEDGERNAME>01</LEDGERNAME> 
<GSTCLASS /> 
<ISDEEMEDPOSITIVE>NO</ISDEEMEDPOSITIVE> 
<LEDGERFROMITEM>No</LEDGERFROMITEM> 
<REMOVEZEROENTRIES>No</REMOVEZEROENTRIES> 
<ISPARTYLEDGER>Yes</ISPARTYLEDGER> 
<AMOUNT>7862.00</AMOUNT> 
</ALLLEDGERENTRIES.LIST>
<ALLLEDGERENTRIES.LIST>
<LEDGERNAME>04</LEDGERNAME> 
<GSTCLASS /> 
<ISDEEMEDPOSITIVE>NO</ISDEEMEDPOSITIVE> 
<LEDGERFROMITEM>No</LEDGERFROMITEM> 
<REMOVEZEROENTRIES>No</REMOVEZEROENTRIES> 
<ISPARTYLEDGER>Yes</ISPARTYLEDGER> 
<AMOUNT>1416.00</AMOUNT> 
</ALLLEDGERENTRIES.LIST>
</VOUCHER>
</TALLYMESSAGE>
<TALLYMESSAGE xmlns:UDF="TallyUDF">
<VOUCHER REMOTEID="c4aab193-f0e4-4462-8e73-304da9931651-000026de" VCHTYPE="Sales" ACTION="Create">
<DATE>10/07/17</DATE>
<NARRATION>Auto on 19/08/17 Party : JAIN TRADING CO.</NARRATION>
<VOUCHERTYPENAME>Sales</VOUCHERTYPENAME>
<VOUCHERNUMBER>024016</VOUCHERNUMBER>
<PARTYLEDGERNAME>NEW PARTY</PARTYLEDGERNAME>
  <CSTFORMISSUETYPE /> 
  <CSTFORMRECVTYPE /> 
  <FBTPAYMENTTYPE>Default</FBTPAYMENTTYPE> 
  <VCHGSTCLASS /> 
  <DIFFACTUALQTY>No</DIFFACTUALQTY> 
  <AUDITED>No</AUDITED> 
  <FORJOBCOSTING>No</FORJOBCOSTING> 
  <ISOPTIONAL>NO</ISOPTIONAL> 
  <EFFECTIVEDATE>10/07/17</EFFECTIVEDATE> 
  <USEFORINTEREST>No</USEFORINTEREST> 
  <USEFORGAINLOSS>No</USEFORGAINLOSS> 
  <USEFORGODOWNTRANSFER>No</USEFORGODOWNTRANSFER> 
  <USEFORCOMPOUND>No</USEFORCOMPOUND> 
  <ALTERID></ALTERID> 
  <EXCISEOPENING>No</EXCISEOPENING> 
  <ISCANCELLED>NO</ISCANCELLED> 
  <HASCASHFLOW>No</HASCASHFLOW> 
  <ISPOSTDATED>NO</ISPOSTDATED> 
  <USETRACKINGNUMBER>NO</USETRACKINGNUMBER> 
  <ISINVOICE>No</ISINVOICE> 
  <MFGJOURNAL>No</MFGJOURNAL> 
  <HASDISCOUNTS>No</HASDISCOUNTS> 
  <ASPAYSLIP>No</ASPAYSLIP> 
  <ISDELETED>No</ISDELETED> 
  <ASORIGINAL>No</ASORIGINAL> 
<ALLLEDGERENTRIES.LIST>
<LEDGERNAME>NEW PARTY</LEDGERNAME> 
<GSTCLASS /> 
<ISDEEMEDPOSITIVE>YES</ISDEEMEDPOSITIVE> 
<LEDGERFROMITEM>No</LEDGERFROMITEM> 
<REMOVEZEROENTRIES>No</REMOVEZEROENTRIES> 
<ISPARTYLEDGER>Yes</ISPARTYLEDGER> 
<AMOUNT>-3566.00</AMOUNT> 
    <BILLALLOCATIONS.LIST>
      <NAME>024016</NAME> 
      <BILLCREDITPERIOD>0Days</BILLCREDITPERIOD> 
      <BILLTYPE>New Ref</BILLTYPE> 
      <AMOUNT>-3566.00</AMOUNT> 
    </BILLALLOCATIONS.LIST>
</ALLLEDGERENTRIES.LIST>
<ALLLEDGERENTRIES.LIST>
<LEDGERNAME>01</LEDGERNAME> 
<GSTCLASS /> 
<ISDEEMEDPOSITIVE>NO</ISDEEMEDPOSITIVE> 
<LEDGERFROMITEM>No</LEDGERFROMITEM> 
<REMOVEZEROENTRIES>No</REMOVEZEROENTRIES> 
<ISPARTYLEDGER>Yes</ISPARTYLEDGER> 
<AMOUNT>3021.00</AMOUNT> 
</ALLLEDGERENTRIES.LIST>
<ALLLEDGERENTRIES.LIST>
<LEDGERNAME>02</LEDGERNAME> 
<GSTCLASS /> 
<ISDEEMEDPOSITIVE>NO</ISDEEMEDPOSITIVE> 
<LEDGERFROMITEM>No</LEDGERFROMITEM> 
<REMOVEZEROENTRIES>No</REMOVEZEROENTRIES> 
<ISPARTYLEDGER>Yes</ISPARTYLEDGER> 
<AMOUNT>272.00</AMOUNT> 
</ALLLEDGERENTRIES.LIST>
<ALLLEDGERENTRIES.LIST>
<LEDGERNAME>03</LEDGERNAME> 
<GSTCLASS /> 
<ISDEEMEDPOSITIVE>NO</ISDEEMEDPOSITIVE> 
<LEDGERFROMITEM>No</LEDGERFROMITEM> 
<REMOVEZEROENTRIES>No</REMOVEZEROENTRIES> 
<ISPARTYLEDGER>Yes</ISPARTYLEDGER> 
<AMOUNT>272.00</AMOUNT> 
</ALLLEDGERENTRIES.LIST>
<ALLLEDGERENTRIES.LIST>
<LEDGERNAME>Vatav Kasar</LEDGERNAME> 
<GSTCLASS /> 
<ISDEEMEDPOSITIVE>NO</ISDEEMEDPOSITIVE> 
<LEDGERFROMITEM>No</LEDGERFROMITEM> 
<REMOVEZEROENTRIES>No</REMOVEZEROENTRIES> 
<ISPARTYLEDGER>Yes</ISPARTYLEDGER> 
<AMOUNT>1.00</AMOUNT> 
</ALLLEDGERENTRIES.LIST>
</VOUCHER>
</TALLYMESSAGE>
<TALLYMESSAGE xmlns:UDF="TallyUDF">
<VOUCHER REMOTEID="c4aab193-f0e4-4462-8e73-304da9931651-000026de" VCHTYPE="Sales" ACTION="Create">
<DATE>11/07/17</DATE>
<NARRATION>Auto on 19/08/17 Party : ZENITH INDL.RUBBER PRODUCTS.</NARRATION>
<VOUCHERTYPENAME>Sales</VOUCHERTYPENAME>
<VOUCHERNUMBER>024017</VOUCHERNUMBER>
<PARTYLEDGERNAME>ZENITH INDL.RUBBER PRODUCTS.</PARTYLEDGERNAME>
  <CSTFORMISSUETYPE /> 
  <CSTFORMRECVTYPE /> 
  <FBTPAYMENTTYPE>Default</FBTPAYMENTTYPE> 
  <VCHGSTCLASS /> 
  <DIFFACTUALQTY>No</DIFFACTUALQTY> 
  <AUDITED>No</AUDITED> 
  <FORJOBCOSTING>No</FORJOBCOSTING> 
  <ISOPTIONAL>NO</ISOPTIONAL> 
  <EFFECTIVEDATE>11/07/17</EFFECTIVEDATE> 
  <USEFORINTEREST>No</USEFORINTEREST> 
  <USEFORGAINLOSS>No</USEFORGAINLOSS> 
  <USEFORGODOWNTRANSFER>No</USEFORGODOWNTRANSFER> 
  <USEFORCOMPOUND>No</USEFORCOMPOUND> 
  <ALTERID></ALTERID> 
  <EXCISEOPENING>No</EXCISEOPENING> 
  <ISCANCELLED>NO</ISCANCELLED> 
  <HASCASHFLOW>No</HASCASHFLOW> 
  <ISPOSTDATED>NO</ISPOSTDATED> 
  <USETRACKINGNUMBER>NO</USETRACKINGNUMBER> 
  <ISINVOICE>No</ISINVOICE> 
  <MFGJOURNAL>No</MFGJOURNAL> 
  <HASDISCOUNTS>No</HASDISCOUNTS> 
  <ASPAYSLIP>No</ASPAYSLIP> 
  <ISDELETED>No</ISDELETED> 
  <ASORIGINAL>No</ASORIGINAL> 
<ALLLEDGERENTRIES.LIST>
<LEDGERNAME>ZENITH INDL.RUBBER PRODUCTS.</LEDGERNAME> 
<GSTCLASS /> 
<ISDEEMEDPOSITIVE>YES</ISDEEMEDPOSITIVE> 
<LEDGERFROMITEM>No</LEDGERFROMITEM> 
<REMOVEZEROENTRIES>No</REMOVEZEROENTRIES> 
<ISPARTYLEDGER>Yes</ISPARTYLEDGER> 
<AMOUNT>-9177.00</AMOUNT> 
    <BILLALLOCATIONS.LIST>
      <NAME>024017</NAME> 
      <BILLCREDITPERIOD>0Days</BILLCREDITPERIOD> 
      <BILLTYPE>New Ref</BILLTYPE> 
      <AMOUNT>-9177.00</AMOUNT> 
    </BILLALLOCATIONS.LIST>
</ALLLEDGERENTRIES.LIST>
<ALLLEDGERENTRIES.LIST>
<LEDGERNAME>01</LEDGERNAME> 
<GSTCLASS /> 
<ISDEEMEDPOSITIVE>NO</ISDEEMEDPOSITIVE> 
<LEDGERFROMITEM>No</LEDGERFROMITEM> 
<REMOVEZEROENTRIES>No</REMOVEZEROENTRIES> 
<ISPARTYLEDGER>Yes</ISPARTYLEDGER> 
<AMOUNT>7776.00</AMOUNT> 
</ALLLEDGERENTRIES.LIST>
<ALLLEDGERENTRIES.LIST>
<LEDGERNAME>02</LEDGERNAME> 
<GSTCLASS /> 
<ISDEEMEDPOSITIVE>NO</ISDEEMEDPOSITIVE> 
<LEDGERFROMITEM>No</LEDGERFROMITEM> 
<REMOVEZEROENTRIES>No</REMOVEZEROENTRIES> 
<ISPARTYLEDGER>Yes</ISPARTYLEDGER> 
<AMOUNT>700.00</AMOUNT> 
</ALLLEDGERENTRIES.LIST>
<ALLLEDGERENTRIES.LIST>
<LEDGERNAME>03</LEDGERNAME> 
<GSTCLASS /> 
<ISDEEMEDPOSITIVE>NO</ISDEEMEDPOSITIVE> 
<LEDGERFROMITEM>No</LEDGERFROMITEM> 
<REMOVEZEROENTRIES>No</REMOVEZEROENTRIES> 
<ISPARTYLEDGER>Yes</ISPARTYLEDGER> 
<AMOUNT>700.00</AMOUNT> 
</ALLLEDGERENTRIES.LIST>
<ALLLEDGERENTRIES.LIST>
<LEDGERNAME>Vatav Kasar</LEDGERNAME> 
<GSTCLASS /> 
<ISDEEMEDPOSITIVE>NO</ISDEEMEDPOSITIVE> 
<LEDGERFROMITEM>No</LEDGERFROMITEM> 
<REMOVEZEROENTRIES>No</REMOVEZEROENTRIES> 
<ISPARTYLEDGER>Yes</ISPARTYLEDGER> 
<AMOUNT>1.00</AMOUNT> 
</ALLLEDGERENTRIES.LIST>
</VOUCHER>
</TALLYMESSAGE>
<TALLYMESSAGE xmlns:UDF="TallyUDF">
<VOUCHER REMOTEID="c4aab193-f0e4-4462-8e73-304da9931651-000026de" VCHTYPE="Sales" ACTION="Create">
<DATE>12/07/17</DATE>
<NARRATION>Auto on 19/08/17 Party : ZENITH INDL.RUBBER PRODUCTS.</NARRATION>
<VOUCHERTYPENAME>Sales</VOUCHERTYPENAME>
<VOUCHERNUMBER>024018</VOUCHERNUMBER>
<PARTYLEDGERNAME>ZENITH INDL.RUBBER PRODUCTS.</PARTYLEDGERNAME>
  <CSTFORMISSUETYPE /> 
  <CSTFORMRECVTYPE /> 
  <FBTPAYMENTTYPE>Default</FBTPAYMENTTYPE> 
  <VCHGSTCLASS /> 
  <DIFFACTUALQTY>No</DIFFACTUALQTY> 
  <AUDITED>No</AUDITED> 
  <FORJOBCOSTING>No</FORJOBCOSTING> 
  <ISOPTIONAL>NO</ISOPTIONAL> 
  <EFFECTIVEDATE>12/07/17</EFFECTIVEDATE> 
  <USEFORINTEREST>No</USEFORINTEREST> 
  <USEFORGAINLOSS>No</USEFORGAINLOSS> 
  <USEFORGODOWNTRANSFER>No</USEFORGODOWNTRANSFER> 
  <USEFORCOMPOUND>No</USEFORCOMPOUND> 
  <ALTERID></ALTERID> 
  <EXCISEOPENING>No</EXCISEOPENING> 
  <ISCANCELLED>NO</ISCANCELLED> 
  <HASCASHFLOW>No</HASCASHFLOW> 
  <ISPOSTDATED>NO</ISPOSTDATED> 
  <USETRACKINGNUMBER>NO</USETRACKINGNUMBER> 
  <ISINVOICE>No</ISINVOICE> 
  <MFGJOURNAL>No</MFGJOURNAL> 
  <HASDISCOUNTS>No</HASDISCOUNTS> 
  <ASPAYSLIP>No</ASPAYSLIP> 
  <ISDELETED>No</ISDELETED> 
  <ASORIGINAL>No</ASORIGINAL> 
<ALLLEDGERENTRIES.LIST>
<LEDGERNAME>ZENITH INDL.RUBBER PRODUCTS.</LEDGERNAME> 
<GSTCLASS /> 
<ISDEEMEDPOSITIVE>YES</ISDEEMEDPOSITIVE> 
<LEDGERFROMITEM>No</LEDGERFROMITEM> 
<REMOVEZEROENTRIES>No</REMOVEZEROENTRIES> 
<ISPARTYLEDGER>Yes</ISPARTYLEDGER> 
<AMOUNT>-8176.00</AMOUNT> 
    <BILLALLOCATIONS.LIST>
      <NAME>024018</NAME> 
      <BILLCREDITPERIOD>0Days</BILLCREDITPERIOD> 
      <BILLTYPE>New Ref</BILLTYPE> 
      <AMOUNT>-8176.00</AMOUNT> 
    </BILLALLOCATIONS.LIST>
</ALLLEDGERENTRIES.LIST>
<ALLLEDGERENTRIES.LIST>
<LEDGERNAME>01</LEDGERNAME> 
<GSTCLASS /> 
<ISDEEMEDPOSITIVE>NO</ISDEEMEDPOSITIVE> 
<LEDGERFROMITEM>No</LEDGERFROMITEM> 
<REMOVEZEROENTRIES>No</REMOVEZEROENTRIES> 
<ISPARTYLEDGER>Yes</ISPARTYLEDGER> 
<AMOUNT>6928.00</AMOUNT> 
</ALLLEDGERENTRIES.LIST>
<ALLLEDGERENTRIES.LIST>
<LEDGERNAME>02</LEDGERNAME> 
<GSTCLASS /> 
<ISDEEMEDPOSITIVE>NO</ISDEEMEDPOSITIVE> 
<LEDGERFROMITEM>No</LEDGERFROMITEM> 
<REMOVEZEROENTRIES>No</REMOVEZEROENTRIES> 
<ISPARTYLEDGER>Yes</ISPARTYLEDGER> 
<AMOUNT>624.00</AMOUNT> 
</ALLLEDGERENTRIES.LIST>
<ALLLEDGERENTRIES.LIST>
<LEDGERNAME>03</LEDGERNAME> 
<GSTCLASS /> 
<ISDEEMEDPOSITIVE>NO</ISDEEMEDPOSITIVE> 
<LEDGERFROMITEM>No</LEDGERFROMITEM> 
<REMOVEZEROENTRIES>No</REMOVEZEROENTRIES> 
<ISPARTYLEDGER>Yes</ISPARTYLEDGER> 
<AMOUNT>624.00</AMOUNT> 
</ALLLEDGERENTRIES.LIST>
</VOUCHER>
</TALLYMESSAGE>
<TALLYMESSAGE xmlns:UDF="TallyUDF">
<VOUCHER REMOTEID="c4aab193-f0e4-4462-8e73-304da9931651-000026de" VCHTYPE="Sales" ACTION="Create">
<DATE>14/07/17</DATE>
<NARRATION>Auto on 19/08/17 Party : SUN ENTERPRISE.</NARRATION>
<VOUCHERTYPENAME>Sales</VOUCHERTYPENAME>
<VOUCHERNUMBER>024019</VOUCHERNUMBER>
<PARTYLEDGERNAME>NEW PARTY</PARTYLEDGERNAME>
  <CSTFORMISSUETYPE /> 
  <CSTFORMRECVTYPE /> 
  <FBTPAYMENTTYPE>Default</FBTPAYMENTTYPE> 
  <VCHGSTCLASS /> 
  <DIFFACTUALQTY>No</DIFFACTUALQTY> 
  <AUDITED>No</AUDITED> 
  <FORJOBCOSTING>No</FORJOBCOSTING> 
  <ISOPTIONAL>NO</ISOPTIONAL> 
  <EFFECTIVEDATE>14/07/17</EFFECTIVEDATE> 
  <USEFORINTEREST>No</USEFORINTEREST> 
  <USEFORGAINLOSS>No</USEFORGAINLOSS> 
  <USEFORGODOWNTRANSFER>No</USEFORGODOWNTRANSFER> 
  <USEFORCOMPOUND>No</USEFORCOMPOUND> 
  <ALTERID></ALTERID> 
  <EXCISEOPENING>No</EXCISEOPENING> 
  <ISCANCELLED>NO</ISCANCELLED> 
  <HASCASHFLOW>No</HASCASHFLOW> 
  <ISPOSTDATED>NO</ISPOSTDATED> 
  <USETRACKINGNUMBER>NO</USETRACKINGNUMBER> 
  <ISINVOICE>No</ISINVOICE> 
  <MFGJOURNAL>No</MFGJOURNAL> 
  <HASDISCOUNTS>No</HASDISCOUNTS> 
  <ASPAYSLIP>No</ASPAYSLIP> 
  <ISDELETED>No</ISDELETED> 
  <ASORIGINAL>No</ASORIGINAL> 
<ALLLEDGERENTRIES.LIST>
<LEDGERNAME>NEW PARTY</LEDGERNAME> 
<GSTCLASS /> 
<ISDEEMEDPOSITIVE>YES</ISDEEMEDPOSITIVE> 
<LEDGERFROMITEM>No</LEDGERFROMITEM> 
<REMOVEZEROENTRIES>No</REMOVEZEROENTRIES> 
<ISPARTYLEDGER>Yes</ISPARTYLEDGER> 
<AMOUNT>-6230.00</AMOUNT> 
    <BILLALLOCATIONS.LIST>
      <NAME>024019</NAME> 
      <BILLCREDITPERIOD>0Days</BILLCREDITPERIOD> 
      <BILLTYPE>New Ref</BILLTYPE> 
      <AMOUNT>-6230.00</AMOUNT> 
    </BILLALLOCATIONS.LIST>
</ALLLEDGERENTRIES.LIST>
<ALLLEDGERENTRIES.LIST>
<LEDGERNAME>01</LEDGERNAME> 
<GSTCLASS /> 
<ISDEEMEDPOSITIVE>NO</ISDEEMEDPOSITIVE> 
<LEDGERFROMITEM>No</LEDGERFROMITEM> 
<REMOVEZEROENTRIES>No</REMOVEZEROENTRIES> 
<ISPARTYLEDGER>Yes</ISPARTYLEDGER> 
<AMOUNT>5279.00</AMOUNT> 
</ALLLEDGERENTRIES.LIST>
<ALLLEDGERENTRIES.LIST>
<LEDGERNAME>02</LEDGERNAME> 
<GSTCLASS /> 
<ISDEEMEDPOSITIVE>NO</ISDEEMEDPOSITIVE> 
<LEDGERFROMITEM>No</LEDGERFROMITEM> 
<REMOVEZEROENTRIES>No</REMOVEZEROENTRIES> 
<ISPARTYLEDGER>Yes</ISPARTYLEDGER> 
<AMOUNT>475.00</AMOUNT> 
</ALLLEDGERENTRIES.LIST>
<ALLLEDGERENTRIES.LIST>
<LEDGERNAME>03</LEDGERNAME> 
<GSTCLASS /> 
<ISDEEMEDPOSITIVE>NO</ISDEEMEDPOSITIVE> 
<LEDGERFROMITEM>No</LEDGERFROMITEM> 
<REMOVEZEROENTRIES>No</REMOVEZEROENTRIES> 
<ISPARTYLEDGER>Yes</ISPARTYLEDGER> 
<AMOUNT>475.00</AMOUNT> 
</ALLLEDGERENTRIES.LIST>
<ALLLEDGERENTRIES.LIST>
<LEDGERNAME>Vatav Kasar</LEDGERNAME> 
<GSTCLASS /> 
<ISDEEMEDPOSITIVE>NO</ISDEEMEDPOSITIVE> 
<LEDGERFROMITEM>No</LEDGERFROMITEM> 
<REMOVEZEROENTRIES>No</REMOVEZEROENTRIES> 
<ISPARTYLEDGER>Yes</ISPARTYLEDGER> 
<AMOUNT>1.00</AMOUNT> 
</ALLLEDGERENTRIES.LIST>
</VOUCHER>
</TALLYMESSAGE>
<TALLYMESSAGE xmlns:UDF="TallyUDF">
<VOUCHER REMOTEID="c4aab193-f0e4-4462-8e73-304da9931651-000026de" VCHTYPE="Sales" ACTION="Create">
<DATE>14/07/17</DATE>
<NARRATION>Auto on 19/08/17 Party : SUPREME HARDWARE.</NARRATION>
<VOUCHERTYPENAME>Sales</VOUCHERTYPENAME>
<VOUCHERNUMBER>024020</VOUCHERNUMBER>
<PARTYLEDGERNAME>SUPREME HARDWARE.</PARTYLEDGERNAME>
  <CSTFORMISSUETYPE /> 
  <CSTFORMRECVTYPE /> 
  <FBTPAYMENTTYPE>Default</FBTPAYMENTTYPE> 
  <VCHGSTCLASS /> 
  <DIFFACTUALQTY>No</DIFFACTUALQTY> 
  <AUDITED>No</AUDITED> 
  <FORJOBCOSTING>No</FORJOBCOSTING> 
  <ISOPTIONAL>NO</ISOPTIONAL> 
  <EFFECTIVEDATE>14/07/17</EFFECTIVEDATE> 
  <USEFORINTEREST>No</USEFORINTEREST> 
  <USEFORGAINLOSS>No</USEFORGAINLOSS> 
  <USEFORGODOWNTRANSFER>No</USEFORGODOWNTRANSFER> 
  <USEFORCOMPOUND>No</USEFORCOMPOUND> 
  <ALTERID></ALTERID> 
  <EXCISEOPENING>No</EXCISEOPENING> 
  <ISCANCELLED>NO</ISCANCELLED> 
  <HASCASHFLOW>No</HASCASHFLOW> 
  <ISPOSTDATED>NO</ISPOSTDATED> 
  <USETRACKINGNUMBER>NO</USETRACKINGNUMBER> 
  <ISINVOICE>No</ISINVOICE> 
  <MFGJOURNAL>No</MFGJOURNAL> 
  <HASDISCOUNTS>No</HASDISCOUNTS> 
  <ASPAYSLIP>No</ASPAYSLIP> 
  <ISDELETED>No</ISDELETED> 
  <ASORIGINAL>No</ASORIGINAL> 
<ALLLEDGERENTRIES.LIST>
<LEDGERNAME>SUPREME HARDWARE.</LEDGERNAME> 
<GSTCLASS /> 
<ISDEEMEDPOSITIVE>YES</ISDEEMEDPOSITIVE> 
<LEDGERFROMITEM>No</LEDGERFROMITEM> 
<REMOVEZEROENTRIES>No</REMOVEZEROENTRIES> 
<ISPARTYLEDGER>Yes</ISPARTYLEDGER> 
<AMOUNT>-5573.00</AMOUNT> 
    <BILLALLOCATIONS.LIST>
      <NAME>024020</NAME> 
      <BILLCREDITPERIOD>0Days</BILLCREDITPERIOD> 
      <BILLTYPE>New Ref</BILLTYPE> 
      <AMOUNT>-5573.00</AMOUNT> 
    </BILLALLOCATIONS.LIST>
</ALLLEDGERENTRIES.LIST>
<ALLLEDGERENTRIES.LIST>
<LEDGERNAME>01</LEDGERNAME> 
<GSTCLASS /> 
<ISDEEMEDPOSITIVE>NO</ISDEEMEDPOSITIVE> 
<LEDGERFROMITEM>No</LEDGERFROMITEM> 
<REMOVEZEROENTRIES>No</REMOVEZEROENTRIES> 
<ISPARTYLEDGER>Yes</ISPARTYLEDGER> 
<AMOUNT>4722.00</AMOUNT> 
</ALLLEDGERENTRIES.LIST>
<ALLLEDGERENTRIES.LIST>
<LEDGERNAME>02</LEDGERNAME> 
<GSTCLASS /> 
<ISDEEMEDPOSITIVE>NO</ISDEEMEDPOSITIVE> 
<LEDGERFROMITEM>No</LEDGERFROMITEM> 
<REMOVEZEROENTRIES>No</REMOVEZEROENTRIES> 
<ISPARTYLEDGER>Yes</ISPARTYLEDGER> 
<AMOUNT>425.00</AMOUNT> 
</ALLLEDGERENTRIES.LIST>
<ALLLEDGERENTRIES.LIST>
<LEDGERNAME>03</LEDGERNAME> 
<GSTCLASS /> 
<ISDEEMEDPOSITIVE>NO</ISDEEMEDPOSITIVE> 
<LEDGERFROMITEM>No</LEDGERFROMITEM> 
<REMOVEZEROENTRIES>No</REMOVEZEROENTRIES> 
<ISPARTYLEDGER>Yes</ISPARTYLEDGER> 
<AMOUNT>425.00</AMOUNT> 
</ALLLEDGERENTRIES.LIST>
<ALLLEDGERENTRIES.LIST>
<LEDGERNAME>Vatav Kasar</LEDGERNAME> 
<GSTCLASS /> 
<ISDEEMEDPOSITIVE>NO</ISDEEMEDPOSITIVE> 
<LEDGERFROMITEM>No</LEDGERFROMITEM> 
<REMOVEZEROENTRIES>No</REMOVEZEROENTRIES> 
<ISPARTYLEDGER>Yes</ISPARTYLEDGER> 
<AMOUNT>1.00</AMOUNT> 
</ALLLEDGERENTRIES.LIST>
</VOUCHER>
</TALLYMESSAGE>
<TALLYMESSAGE xmlns:UDF="TallyUDF">
<VOUCHER REMOTEID="c4aab193-f0e4-4462-8e73-304da9931651-000026de" VCHTYPE="Sales" ACTION="Create">
<DATE>15/07/17</DATE>
<NARRATION>Auto on 19/08/17 Party : ZENITH INDL.RUBBER PRODUCTS.</NARRATION>
<VOUCHERTYPENAME>Sales</VOUCHERTYPENAME>
<VOUCHERNUMBER>024021</VOUCHERNUMBER>
<PARTYLEDGERNAME>ZENITH INDL.RUBBER PRODUCTS.</PARTYLEDGERNAME>
  <CSTFORMISSUETYPE /> 
  <CSTFORMRECVTYPE /> 
  <FBTPAYMENTTYPE>Default</FBTPAYMENTTYPE> 
  <VCHGSTCLASS /> 
  <DIFFACTUALQTY>No</DIFFACTUALQTY> 
  <AUDITED>No</AUDITED> 
  <FORJOBCOSTING>No</FORJOBCOSTING> 
  <ISOPTIONAL>NO</ISOPTIONAL> 
  <EFFECTIVEDATE>15/07/17</EFFECTIVEDATE> 
  <USEFORINTEREST>No</USEFORINTEREST> 
  <USEFORGAINLOSS>No</USEFORGAINLOSS> 
  <USEFORGODOWNTRANSFER>No</USEFORGODOWNTRANSFER> 
  <USEFORCOMPOUND>No</USEFORCOMPOUND> 
  <ALTERID></ALTERID> 
  <EXCISEOPENING>No</EXCISEOPENING> 
  <ISCANCELLED>NO</ISCANCELLED> 
  <HASCASHFLOW>No</HASCASHFLOW> 
  <ISPOSTDATED>NO</ISPOSTDATED> 
  <USETRACKINGNUMBER>NO</USETRACKINGNUMBER> 
  <ISINVOICE>No</ISINVOICE> 
  <MFGJOURNAL>No</MFGJOURNAL> 
  <HASDISCOUNTS>No</HASDISCOUNTS> 
  <ASPAYSLIP>No</ASPAYSLIP> 
  <ISDELETED>No</ISDELETED> 
  <ASORIGINAL>No</ASORIGINAL> 
<ALLLEDGERENTRIES.LIST>
<LEDGERNAME>ZENITH INDL.RUBBER PRODUCTS.</LEDGERNAME> 
<GSTCLASS /> 
<ISDEEMEDPOSITIVE>YES</ISDEEMEDPOSITIVE> 
<LEDGERFROMITEM>No</LEDGERFROMITEM> 
<REMOVEZEROENTRIES>No</REMOVEZEROENTRIES> 
<ISPARTYLEDGER>Yes</ISPARTYLEDGER> 
<AMOUNT>-4824.00</AMOUNT> 
    <BILLALLOCATIONS.LIST>
      <NAME>024021</NAME> 
      <BILLCREDITPERIOD>0Days</BILLCREDITPERIOD> 
      <BILLTYPE>New Ref</BILLTYPE> 
      <AMOUNT>-4824.00</AMOUNT> 
    </BILLALLOCATIONS.LIST>
</ALLLEDGERENTRIES.LIST>
<ALLLEDGERENTRIES.LIST>
<LEDGERNAME>01</LEDGERNAME> 
<GSTCLASS /> 
<ISDEEMEDPOSITIVE>NO</ISDEEMEDPOSITIVE> 
<LEDGERFROMITEM>No</LEDGERFROMITEM> 
<REMOVEZEROENTRIES>No</REMOVEZEROENTRIES> 
<ISPARTYLEDGER>Yes</ISPARTYLEDGER> 
<AMOUNT>4088.00</AMOUNT> 
</ALLLEDGERENTRIES.LIST>
<ALLLEDGERENTRIES.LIST>
<LEDGERNAME>02</LEDGERNAME> 
<GSTCLASS /> 
<ISDEEMEDPOSITIVE>NO</ISDEEMEDPOSITIVE> 
<LEDGERFROMITEM>No</LEDGERFROMITEM> 
<REMOVEZEROENTRIES>No</REMOVEZEROENTRIES> 
<ISPARTYLEDGER>Yes</ISPARTYLEDGER> 
<AMOUNT>368.00</AMOUNT> 
</ALLLEDGERENTRIES.LIST>
<ALLLEDGERENTRIES.LIST>
<LEDGERNAME>03</LEDGERNAME> 
<GSTCLASS /> 
<ISDEEMEDPOSITIVE>NO</ISDEEMEDPOSITIVE> 
<LEDGERFROMITEM>No</LEDGERFROMITEM> 
<REMOVEZEROENTRIES>No</REMOVEZEROENTRIES> 
<ISPARTYLEDGER>Yes</ISPARTYLEDGER> 
<AMOUNT>368.00</AMOUNT> 
</ALLLEDGERENTRIES.LIST>
</VOUCHER>
</TALLYMESSAGE>
<TALLYMESSAGE xmlns:UDF="TallyUDF">
<VOUCHER REMOTEID="c4aab193-f0e4-4462-8e73-304da9931651-000026de" VCHTYPE="Sales" ACTION="Create">
<DATE>15/07/17</DATE>
<NARRATION>Auto on 19/08/17 Party : OM VAISHNAVI ELECTRICALS.</NARRATION>
<VOUCHERTYPENAME>Sales</VOUCHERTYPENAME>
<VOUCHERNUMBER>024022</VOUCHERNUMBER>
<PARTYLEDGERNAME>NEW PARTY</PARTYLEDGERNAME>
  <CSTFORMISSUETYPE /> 
  <CSTFORMRECVTYPE /> 
  <FBTPAYMENTTYPE>Default</FBTPAYMENTTYPE> 
  <VCHGSTCLASS /> 
  <DIFFACTUALQTY>No</DIFFACTUALQTY> 
  <AUDITED>No</AUDITED> 
  <FORJOBCOSTING>No</FORJOBCOSTING> 
  <ISOPTIONAL>NO</ISOPTIONAL> 
  <EFFECTIVEDATE>15/07/17</EFFECTIVEDATE> 
  <USEFORINTEREST>No</USEFORINTEREST> 
  <USEFORGAINLOSS>No</USEFORGAINLOSS> 
  <USEFORGODOWNTRANSFER>No</USEFORGODOWNTRANSFER> 
  <USEFORCOMPOUND>No</USEFORCOMPOUND> 
  <ALTERID></ALTERID> 
  <EXCISEOPENING>No</EXCISEOPENING> 
  <ISCANCELLED>NO</ISCANCELLED> 
  <HASCASHFLOW>No</HASCASHFLOW> 
  <ISPOSTDATED>NO</ISPOSTDATED> 
  <USETRACKINGNUMBER>NO</USETRACKINGNUMBER> 
  <ISINVOICE>No</ISINVOICE> 
  <MFGJOURNAL>No</MFGJOURNAL> 
  <HASDISCOUNTS>No</HASDISCOUNTS> 
  <ASPAYSLIP>No</ASPAYSLIP> 
  <ISDELETED>No</ISDELETED> 
  <ASORIGINAL>No</ASORIGINAL> 
<ALLLEDGERENTRIES.LIST>
<LEDGERNAME>NEW PARTY</LEDGERNAME> 
<GSTCLASS /> 
<ISDEEMEDPOSITIVE>YES</ISDEEMEDPOSITIVE> 
<LEDGERFROMITEM>No</LEDGERFROMITEM> 
<REMOVEZEROENTRIES>No</REMOVEZEROENTRIES> 
<ISPARTYLEDGER>Yes</ISPARTYLEDGER> 
<AMOUNT>-2792.00</AMOUNT> 
    <BILLALLOCATIONS.LIST>
      <NAME>024022</NAME> 
      <BILLCREDITPERIOD>0Days</BILLCREDITPERIOD> 
      <BILLTYPE>New Ref</BILLTYPE> 
      <AMOUNT>-2792.00</AMOUNT> 
    </BILLALLOCATIONS.LIST>
</ALLLEDGERENTRIES.LIST>
<ALLLEDGERENTRIES.LIST>
<LEDGERNAME>01</LEDGERNAME> 
<GSTCLASS /> 
<ISDEEMEDPOSITIVE>NO</ISDEEMEDPOSITIVE> 
<LEDGERFROMITEM>No</LEDGERFROMITEM> 
<REMOVEZEROENTRIES>No</REMOVEZEROENTRIES> 
<ISPARTYLEDGER>Yes</ISPARTYLEDGER> 
<AMOUNT>2366.00</AMOUNT> 
</ALLLEDGERENTRIES.LIST>
<ALLLEDGERENTRIES.LIST>
<LEDGERNAME>02</LEDGERNAME> 
<GSTCLASS /> 
<ISDEEMEDPOSITIVE>NO</ISDEEMEDPOSITIVE> 
<LEDGERFROMITEM>No</LEDGERFROMITEM> 
<REMOVEZEROENTRIES>No</REMOVEZEROENTRIES> 
<ISPARTYLEDGER>Yes</ISPARTYLEDGER> 
<AMOUNT>213.00</AMOUNT> 
</ALLLEDGERENTRIES.LIST>
<ALLLEDGERENTRIES.LIST>
<LEDGERNAME>03</LEDGERNAME> 
<GSTCLASS /> 
<ISDEEMEDPOSITIVE>NO</ISDEEMEDPOSITIVE> 
<LEDGERFROMITEM>No</LEDGERFROMITEM> 
<REMOVEZEROENTRIES>No</REMOVEZEROENTRIES> 
<ISPARTYLEDGER>Yes</ISPARTYLEDGER> 
<AMOUNT>213.00</AMOUNT> 
</ALLLEDGERENTRIES.LIST>
</VOUCHER>
</TALLYMESSAGE>
<TALLYMESSAGE xmlns:UDF="TallyUDF">
<VOUCHER REMOTEID="c4aab193-f0e4-4462-8e73-304da9931651-000026de" VCHTYPE="Sales" ACTION="Create">
<DATE>17/07/17</DATE>
<NARRATION>Auto on 19/08/17 Party : SCIENTIFIC PRECISION P.LTD.</NARRATION>
<VOUCHERTYPENAME>Sales</VOUCHERTYPENAME>
<VOUCHERNUMBER>024023</VOUCHERNUMBER>
<PARTYLEDGERNAME>SCIENTIFIC PRECISION P.LTD.</PARTYLEDGERNAME>
  <CSTFORMISSUETYPE /> 
  <CSTFORMRECVTYPE /> 
  <FBTPAYMENTTYPE>Default</FBTPAYMENTTYPE> 
  <VCHGSTCLASS /> 
  <DIFFACTUALQTY>No</DIFFACTUALQTY> 
  <AUDITED>No</AUDITED> 
  <FORJOBCOSTING>No</FORJOBCOSTING> 
  <ISOPTIONAL>NO</ISOPTIONAL> 
  <EFFECTIVEDATE>17/07/17</EFFECTIVEDATE> 
  <USEFORINTEREST>No</USEFORINTEREST> 
  <USEFORGAINLOSS>No</USEFORGAINLOSS> 
  <USEFORGODOWNTRANSFER>No</USEFORGODOWNTRANSFER> 
  <USEFORCOMPOUND>No</USEFORCOMPOUND> 
  <ALTERID></ALTERID> 
  <EXCISEOPENING>No</EXCISEOPENING> 
  <ISCANCELLED>NO</ISCANCELLED> 
  <HASCASHFLOW>No</HASCASHFLOW> 
  <ISPOSTDATED>NO</ISPOSTDATED> 
  <USETRACKINGNUMBER>NO</USETRACKINGNUMBER> 
  <ISINVOICE>No</ISINVOICE> 
  <MFGJOURNAL>No</MFGJOURNAL> 
  <HASDISCOUNTS>No</HASDISCOUNTS> 
  <ASPAYSLIP>No</ASPAYSLIP> 
  <ISDELETED>No</ISDELETED> 
  <ASORIGINAL>No</ASORIGINAL> 
<ALLLEDGERENTRIES.LIST>
<LEDGERNAME>SCIENTIFIC PRECISION P.LTD.</LEDGERNAME> 
<GSTCLASS /> 
<ISDEEMEDPOSITIVE>YES</ISDEEMEDPOSITIVE> 
<LEDGERFROMITEM>No</LEDGERFROMITEM> 
<REMOVEZEROENTRIES>No</REMOVEZEROENTRIES> 
<ISPARTYLEDGER>Yes</ISPARTYLEDGER> 
<AMOUNT>-3712.00</AMOUNT> 
    <BILLALLOCATIONS.LIST>
      <NAME>024023</NAME> 
      <BILLCREDITPERIOD>0Days</BILLCREDITPERIOD> 
      <BILLTYPE>New Ref</BILLTYPE> 
      <AMOUNT>-3712.00</AMOUNT> 
    </BILLALLOCATIONS.LIST>
</ALLLEDGERENTRIES.LIST>
<ALLLEDGERENTRIES.LIST>
<LEDGERNAME>01</LEDGERNAME> 
<GSTCLASS /> 
<ISDEEMEDPOSITIVE>NO</ISDEEMEDPOSITIVE> 
<LEDGERFROMITEM>No</LEDGERFROMITEM> 
<REMOVEZEROENTRIES>No</REMOVEZEROENTRIES> 
<ISPARTYLEDGER>Yes</ISPARTYLEDGER> 
<AMOUNT>3146.00</AMOUNT> 
</ALLLEDGERENTRIES.LIST>
<ALLLEDGERENTRIES.LIST>
<LEDGERNAME>02</LEDGERNAME> 
<GSTCLASS /> 
<ISDEEMEDPOSITIVE>NO</ISDEEMEDPOSITIVE> 
<LEDGERFROMITEM>No</LEDGERFROMITEM> 
<REMOVEZEROENTRIES>No</REMOVEZEROENTRIES> 
<ISPARTYLEDGER>Yes</ISPARTYLEDGER> 
<AMOUNT>283.00</AMOUNT> 
</ALLLEDGERENTRIES.LIST>
<ALLLEDGERENTRIES.LIST>
<LEDGERNAME>03</LEDGERNAME> 
<GSTCLASS /> 
<ISDEEMEDPOSITIVE>NO</ISDEEMEDPOSITIVE> 
<LEDGERFROMITEM>No</LEDGERFROMITEM> 
<REMOVEZEROENTRIES>No</REMOVEZEROENTRIES> 
<ISPARTYLEDGER>Yes</ISPARTYLEDGER> 
<AMOUNT>283.00</AMOUNT> 
</ALLLEDGERENTRIES.LIST>
</VOUCHER>
</TALLYMESSAGE>
<TALLYMESSAGE xmlns:UDF="TallyUDF">
<VOUCHER REMOTEID="c4aab193-f0e4-4462-8e73-304da9931651-000026de" VCHTYPE="Sales" ACTION="Create">
<DATE>17/07/17</DATE>
<NARRATION>Auto on 19/08/17 Party : JAYASHREE PLUMBING CO.LLP.</NARRATION>
<VOUCHERTYPENAME>Sales</VOUCHERTYPENAME>
<VOUCHERNUMBER>024024</VOUCHERNUMBER>
<PARTYLEDGERNAME>JAYASHREE PLUMBING CO.LLP.</PARTYLEDGERNAME>
  <CSTFORMISSUETYPE /> 
  <CSTFORMRECVTYPE /> 
  <FBTPAYMENTTYPE>Default</FBTPAYMENTTYPE> 
  <VCHGSTCLASS /> 
  <DIFFACTUALQTY>No</DIFFACTUALQTY> 
  <AUDITED>No</AUDITED> 
  <FORJOBCOSTING>No</FORJOBCOSTING> 
  <ISOPTIONAL>NO</ISOPTIONAL> 
  <EFFECTIVEDATE>17/07/17</EFFECTIVEDATE> 
  <USEFORINTEREST>No</USEFORINTEREST> 
  <USEFORGAINLOSS>No</USEFORGAINLOSS> 
  <USEFORGODOWNTRANSFER>No</USEFORGODOWNTRANSFER> 
  <USEFORCOMPOUND>No</USEFORCOMPOUND> 
  <ALTERID></ALTERID> 
  <EXCISEOPENING>No</EXCISEOPENING> 
  <ISCANCELLED>NO</ISCANCELLED> 
  <HASCASHFLOW>No</HASCASHFLOW> 
  <ISPOSTDATED>NO</ISPOSTDATED> 
  <USETRACKINGNUMBER>NO</USETRACKINGNUMBER> 
  <ISINVOICE>No</ISINVOICE> 
  <MFGJOURNAL>No</MFGJOURNAL> 
  <HASDISCOUNTS>No</HASDISCOUNTS> 
  <ASPAYSLIP>No</ASPAYSLIP> 
  <ISDELETED>No</ISDELETED> 
  <ASORIGINAL>No</ASORIGINAL> 
<ALLLEDGERENTRIES.LIST>
<LEDGERNAME>JAYASHREE PLUMBING CO.LLP.</LEDGERNAME> 
<GSTCLASS /> 
<ISDEEMEDPOSITIVE>YES</ISDEEMEDPOSITIVE> 
<LEDGERFROMITEM>No</LEDGERFROMITEM> 
<REMOVEZEROENTRIES>No</REMOVEZEROENTRIES> 
<ISPARTYLEDGER>Yes</ISPARTYLEDGER> 
<AMOUNT>-44748.00</AMOUNT> 
    <BILLALLOCATIONS.LIST>
      <NAME>024024</NAME> 
      <BILLCREDITPERIOD>0Days</BILLCREDITPERIOD> 
      <BILLTYPE>New Ref</BILLTYPE> 
      <AMOUNT>-44748.00</AMOUNT> 
    </BILLALLOCATIONS.LIST>
</ALLLEDGERENTRIES.LIST>
<ALLLEDGERENTRIES.LIST>
<LEDGERNAME>01</LEDGERNAME> 
<GSTCLASS /> 
<ISDEEMEDPOSITIVE>NO</ISDEEMEDPOSITIVE> 
<LEDGERFROMITEM>No</LEDGERFROMITEM> 
<REMOVEZEROENTRIES>No</REMOVEZEROENTRIES> 
<ISPARTYLEDGER>Yes</ISPARTYLEDGER> 
<AMOUNT>37922.00</AMOUNT> 
</ALLLEDGERENTRIES.LIST>
<ALLLEDGERENTRIES.LIST>
<LEDGERNAME>02</LEDGERNAME> 
<GSTCLASS /> 
<ISDEEMEDPOSITIVE>NO</ISDEEMEDPOSITIVE> 
<LEDGERFROMITEM>No</LEDGERFROMITEM> 
<REMOVEZEROENTRIES>No</REMOVEZEROENTRIES> 
<ISPARTYLEDGER>Yes</ISPARTYLEDGER> 
<AMOUNT>3413.00</AMOUNT> 
</ALLLEDGERENTRIES.LIST>
<ALLLEDGERENTRIES.LIST>
<LEDGERNAME>03</LEDGERNAME> 
<GSTCLASS /> 
<ISDEEMEDPOSITIVE>NO</ISDEEMEDPOSITIVE> 
<LEDGERFROMITEM>No</LEDGERFROMITEM> 
<REMOVEZEROENTRIES>No</REMOVEZEROENTRIES> 
<ISPARTYLEDGER>Yes</ISPARTYLEDGER> 
<AMOUNT>3413.00</AMOUNT> 
</ALLLEDGERENTRIES.LIST>
</VOUCHER>
</TALLYMESSAGE>
<TALLYMESSAGE xmlns:UDF="TallyUDF">
<VOUCHER REMOTEID="c4aab193-f0e4-4462-8e73-304da9931651-000026de" VCHTYPE="Sales" ACTION="Create">
<DATE>17/07/17</DATE>
<NARRATION>Auto on 19/08/17 Party : PRESTIGE INDL.TRADERS.</NARRATION>
<VOUCHERTYPENAME>Sales</VOUCHERTYPENAME>
<VOUCHERNUMBER>024025</VOUCHERNUMBER>
<PARTYLEDGERNAME>PRESTIGE INDL.TRADERS.</PARTYLEDGERNAME>
  <CSTFORMISSUETYPE /> 
  <CSTFORMRECVTYPE /> 
  <FBTPAYMENTTYPE>Default</FBTPAYMENTTYPE> 
  <VCHGSTCLASS /> 
  <DIFFACTUALQTY>No</DIFFACTUALQTY> 
  <AUDITED>No</AUDITED> 
  <FORJOBCOSTING>No</FORJOBCOSTING> 
  <ISOPTIONAL>NO</ISOPTIONAL> 
  <EFFECTIVEDATE>17/07/17</EFFECTIVEDATE> 
  <USEFORINTEREST>No</USEFORINTEREST> 
  <USEFORGAINLOSS>No</USEFORGAINLOSS> 
  <USEFORGODOWNTRANSFER>No</USEFORGODOWNTRANSFER> 
  <USEFORCOMPOUND>No</USEFORCOMPOUND> 
  <ALTERID></ALTERID> 
  <EXCISEOPENING>No</EXCISEOPENING> 
  <ISCANCELLED>NO</ISCANCELLED> 
  <HASCASHFLOW>No</HASCASHFLOW> 
  <ISPOSTDATED>NO</ISPOSTDATED> 
  <USETRACKINGNUMBER>NO</USETRACKINGNUMBER> 
  <ISINVOICE>No</ISINVOICE> 
  <MFGJOURNAL>No</MFGJOURNAL> 
  <HASDISCOUNTS>No</HASDISCOUNTS> 
  <ASPAYSLIP>No</ASPAYSLIP> 
  <ISDELETED>No</ISDELETED> 
  <ASORIGINAL>No</ASORIGINAL> 
<ALLLEDGERENTRIES.LIST>
<LEDGERNAME>PRESTIGE INDL.TRADERS.</LEDGERNAME> 
<GSTCLASS /> 
<ISDEEMEDPOSITIVE>YES</ISDEEMEDPOSITIVE> 
<LEDGERFROMITEM>No</LEDGERFROMITEM> 
<REMOVEZEROENTRIES>No</REMOVEZEROENTRIES> 
<ISPARTYLEDGER>Yes</ISPARTYLEDGER> 
<AMOUNT>-7023.00</AMOUNT> 
    <BILLALLOCATIONS.LIST>
      <NAME>024025</NAME> 
      <BILLCREDITPERIOD>0Days</BILLCREDITPERIOD> 
      <BILLTYPE>New Ref</BILLTYPE> 
      <AMOUNT>-7023.00</AMOUNT> 
    </BILLALLOCATIONS.LIST>
</ALLLEDGERENTRIES.LIST>
<ALLLEDGERENTRIES.LIST>
<LEDGERNAME>01</LEDGERNAME> 
<GSTCLASS /> 
<ISDEEMEDPOSITIVE>NO</ISDEEMEDPOSITIVE> 
<LEDGERFROMITEM>No</LEDGERFROMITEM> 
<REMOVEZEROENTRIES>No</REMOVEZEROENTRIES> 
<ISPARTYLEDGER>Yes</ISPARTYLEDGER> 
<AMOUNT>5951.00</AMOUNT> 
</ALLLEDGERENTRIES.LIST>
<ALLLEDGERENTRIES.LIST>
<LEDGERNAME>04</LEDGERNAME> 
<GSTCLASS /> 
<ISDEEMEDPOSITIVE>NO</ISDEEMEDPOSITIVE> 
<LEDGERFROMITEM>No</LEDGERFROMITEM> 
<REMOVEZEROENTRIES>No</REMOVEZEROENTRIES> 
<ISPARTYLEDGER>Yes</ISPARTYLEDGER> 
<AMOUNT>1071.00</AMOUNT> 
</ALLLEDGERENTRIES.LIST>
<ALLLEDGERENTRIES.LIST>
<LEDGERNAME>Vatav Kasar</LEDGERNAME> 
<GSTCLASS /> 
<ISDEEMEDPOSITIVE>NO</ISDEEMEDPOSITIVE> 
<LEDGERFROMITEM>No</LEDGERFROMITEM> 
<REMOVEZEROENTRIES>No</REMOVEZEROENTRIES> 
<ISPARTYLEDGER>Yes</ISPARTYLEDGER> 
<AMOUNT>1.00</AMOUNT> 
</ALLLEDGERENTRIES.LIST>
</VOUCHER>
</TALLYMESSAGE>
<TALLYMESSAGE xmlns:UDF="TallyUDF">
<VOUCHER REMOTEID="c4aab193-f0e4-4462-8e73-304da9931651-000026de" VCHTYPE="Sales" ACTION="Create">
<DATE>17/07/17</DATE>
<NARRATION>Auto on 19/08/17 Party : ASHWINI ENTERPRISES.</NARRATION>
<VOUCHERTYPENAME>Sales</VOUCHERTYPENAME>
<VOUCHERNUMBER>024026</VOUCHERNUMBER>
<PARTYLEDGERNAME>ASHWINI ENTERPRISES.</PARTYLEDGERNAME>
  <CSTFORMISSUETYPE /> 
  <CSTFORMRECVTYPE /> 
  <FBTPAYMENTTYPE>Default</FBTPAYMENTTYPE> 
  <VCHGSTCLASS /> 
  <DIFFACTUALQTY>No</DIFFACTUALQTY> 
  <AUDITED>No</AUDITED> 
  <FORJOBCOSTING>No</FORJOBCOSTING> 
  <ISOPTIONAL>NO</ISOPTIONAL> 
  <EFFECTIVEDATE>17/07/17</EFFECTIVEDATE> 
  <USEFORINTEREST>No</USEFORINTEREST> 
  <USEFORGAINLOSS>No</USEFORGAINLOSS> 
  <USEFORGODOWNTRANSFER>No</USEFORGODOWNTRANSFER> 
  <USEFORCOMPOUND>No</USEFORCOMPOUND> 
  <ALTERID></ALTERID> 
  <EXCISEOPENING>No</EXCISEOPENING> 
  <ISCANCELLED>NO</ISCANCELLED> 
  <HASCASHFLOW>No</HASCASHFLOW> 
  <ISPOSTDATED>NO</ISPOSTDATED> 
  <USETRACKINGNUMBER>NO</USETRACKINGNUMBER> 
  <ISINVOICE>No</ISINVOICE> 
  <MFGJOURNAL>No</MFGJOURNAL> 
  <HASDISCOUNTS>No</HASDISCOUNTS> 
  <ASPAYSLIP>No</ASPAYSLIP> 
  <ISDELETED>No</ISDELETED> 
  <ASORIGINAL>No</ASORIGINAL> 
<ALLLEDGERENTRIES.LIST>
<LEDGERNAME>ASHWINI ENTERPRISES.</LEDGERNAME> 
<GSTCLASS /> 
<ISDEEMEDPOSITIVE>YES</ISDEEMEDPOSITIVE> 
<LEDGERFROMITEM>No</LEDGERFROMITEM> 
<REMOVEZEROENTRIES>No</REMOVEZEROENTRIES> 
<ISPARTYLEDGER>Yes</ISPARTYLEDGER> 
<AMOUNT>-8550.00</AMOUNT> 
    <BILLALLOCATIONS.LIST>
      <NAME>024026</NAME> 
      <BILLCREDITPERIOD>0Days</BILLCREDITPERIOD> 
      <BILLTYPE>New Ref</BILLTYPE> 
      <AMOUNT>-8550.00</AMOUNT> 
    </BILLALLOCATIONS.LIST>
</ALLLEDGERENTRIES.LIST>
<ALLLEDGERENTRIES.LIST>
<LEDGERNAME>01</LEDGERNAME> 
<GSTCLASS /> 
<ISDEEMEDPOSITIVE>NO</ISDEEMEDPOSITIVE> 
<LEDGERFROMITEM>No</LEDGERFROMITEM> 
<REMOVEZEROENTRIES>No</REMOVEZEROENTRIES> 
<ISPARTYLEDGER>Yes</ISPARTYLEDGER> 
<AMOUNT>7245.00</AMOUNT> 
</ALLLEDGERENTRIES.LIST>
<ALLLEDGERENTRIES.LIST>
<LEDGERNAME>02</LEDGERNAME> 
<GSTCLASS /> 
<ISDEEMEDPOSITIVE>NO</ISDEEMEDPOSITIVE> 
<LEDGERFROMITEM>No</LEDGERFROMITEM> 
<REMOVEZEROENTRIES>No</REMOVEZEROENTRIES> 
<ISPARTYLEDGER>Yes</ISPARTYLEDGER> 
<AMOUNT>652.00</AMOUNT> 
</ALLLEDGERENTRIES.LIST>
<ALLLEDGERENTRIES.LIST>
<LEDGERNAME>03</LEDGERNAME> 
<GSTCLASS /> 
<ISDEEMEDPOSITIVE>NO</ISDEEMEDPOSITIVE> 
<LEDGERFROMITEM>No</LEDGERFROMITEM> 
<REMOVEZEROENTRIES>No</REMOVEZEROENTRIES> 
<ISPARTYLEDGER>Yes</ISPARTYLEDGER> 
<AMOUNT>652.00</AMOUNT> 
</ALLLEDGERENTRIES.LIST>
<ALLLEDGERENTRIES.LIST>
<LEDGERNAME>Vatav Kasar</LEDGERNAME> 
<GSTCLASS /> 
<ISDEEMEDPOSITIVE>NO</ISDEEMEDPOSITIVE> 
<LEDGERFROMITEM>No</LEDGERFROMITEM> 
<REMOVEZEROENTRIES>No</REMOVEZEROENTRIES> 
<ISPARTYLEDGER>Yes</ISPARTYLEDGER> 
<AMOUNT>1.00</AMOUNT> 
</ALLLEDGERENTRIES.LIST>
</VOUCHER>
</TALLYMESSAGE>
<TALLYMESSAGE xmlns:UDF="TallyUDF">
<VOUCHER REMOTEID="c4aab193-f0e4-4462-8e73-304da9931651-000026de" VCHTYPE="Sales" ACTION="Create">
<DATE>17/07/17</DATE>
<NARRATION>Auto on 19/08/17 Party : TANAJI PLUMBING WORKS.</NARRATION>
<VOUCHERTYPENAME>Sales</VOUCHERTYPENAME>
<VOUCHERNUMBER>024027</VOUCHERNUMBER>
<PARTYLEDGERNAME>TANAJI PLUMBING WORKS.</PARTYLEDGERNAME>
  <CSTFORMISSUETYPE /> 
  <CSTFORMRECVTYPE /> 
  <FBTPAYMENTTYPE>Default</FBTPAYMENTTYPE> 
  <VCHGSTCLASS /> 
  <DIFFACTUALQTY>No</DIFFACTUALQTY> 
  <AUDITED>No</AUDITED> 
  <FORJOBCOSTING>No</FORJOBCOSTING> 
  <ISOPTIONAL>NO</ISOPTIONAL> 
  <EFFECTIVEDATE>17/07/17</EFFECTIVEDATE> 
  <USEFORINTEREST>No</USEFORINTEREST> 
  <USEFORGAINLOSS>No</USEFORGAINLOSS> 
  <USEFORGODOWNTRANSFER>No</USEFORGODOWNTRANSFER> 
  <USEFORCOMPOUND>No</USEFORCOMPOUND> 
  <ALTERID></ALTERID> 
  <EXCISEOPENING>No</EXCISEOPENING> 
  <ISCANCELLED>NO</ISCANCELLED> 
  <HASCASHFLOW>No</HASCASHFLOW> 
  <ISPOSTDATED>NO</ISPOSTDATED> 
  <USETRACKINGNUMBER>NO</USETRACKINGNUMBER> 
  <ISINVOICE>No</ISINVOICE> 
  <MFGJOURNAL>No</MFGJOURNAL> 
  <HASDISCOUNTS>No</HASDISCOUNTS> 
  <ASPAYSLIP>No</ASPAYSLIP> 
  <ISDELETED>No</ISDELETED> 
  <ASORIGINAL>No</ASORIGINAL> 
<ALLLEDGERENTRIES.LIST>
<LEDGERNAME>TANAJI PLUMBING WORKS.</LEDGERNAME> 
<GSTCLASS /> 
<ISDEEMEDPOSITIVE>YES</ISDEEMEDPOSITIVE> 
<LEDGERFROMITEM>No</LEDGERFROMITEM> 
<REMOVEZEROENTRIES>No</REMOVEZEROENTRIES> 
<ISPARTYLEDGER>Yes</ISPARTYLEDGER> 
<AMOUNT>-2947.00</AMOUNT> 
    <BILLALLOCATIONS.LIST>
      <NAME>024027</NAME> 
      <BILLCREDITPERIOD>0Days</BILLCREDITPERIOD> 
      <BILLTYPE>New Ref</BILLTYPE> 
      <AMOUNT>-2947.00</AMOUNT> 
    </BILLALLOCATIONS.LIST>
</ALLLEDGERENTRIES.LIST>
<ALLLEDGERENTRIES.LIST>
<LEDGERNAME>01</LEDGERNAME> 
<GSTCLASS /> 
<ISDEEMEDPOSITIVE>NO</ISDEEMEDPOSITIVE> 
<LEDGERFROMITEM>No</LEDGERFROMITEM> 
<REMOVEZEROENTRIES>No</REMOVEZEROENTRIES> 
<ISPARTYLEDGER>Yes</ISPARTYLEDGER> 
<AMOUNT>2497.00</AMOUNT> 
</ALLLEDGERENTRIES.LIST>
<ALLLEDGERENTRIES.LIST>
<LEDGERNAME>02</LEDGERNAME> 
<GSTCLASS /> 
<ISDEEMEDPOSITIVE>NO</ISDEEMEDPOSITIVE> 
<LEDGERFROMITEM>No</LEDGERFROMITEM> 
<REMOVEZEROENTRIES>No</REMOVEZEROENTRIES> 
<ISPARTYLEDGER>Yes</ISPARTYLEDGER> 
<AMOUNT>225.00</AMOUNT> 
</ALLLEDGERENTRIES.LIST>
<ALLLEDGERENTRIES.LIST>
<LEDGERNAME>03</LEDGERNAME> 
<GSTCLASS /> 
<ISDEEMEDPOSITIVE>NO</ISDEEMEDPOSITIVE> 
<LEDGERFROMITEM>No</LEDGERFROMITEM> 
<REMOVEZEROENTRIES>No</REMOVEZEROENTRIES> 
<ISPARTYLEDGER>Yes</ISPARTYLEDGER> 
<AMOUNT>225.00</AMOUNT> 
</ALLLEDGERENTRIES.LIST>
</VOUCHER>
</TALLYMESSAGE>
<TALLYMESSAGE xmlns:UDF="TallyUDF">
<VOUCHER REMOTEID="c4aab193-f0e4-4462-8e73-304da9931651-000026de" VCHTYPE="Sales" ACTION="Create">
<DATE>18/07/17</DATE>
<NARRATION>Auto on 19/08/17 Party : RAJDEEP INDUS.PRODUCT PVT.LTD.</NARRATION>
<VOUCHERTYPENAME>Sales</VOUCHERTYPENAME>
<VOUCHERNUMBER>024028</VOUCHERNUMBER>
<PARTYLEDGERNAME>RAJDEEP INDUS.PRODUCT PVT.LTD.</PARTYLEDGERNAME>
  <CSTFORMISSUETYPE /> 
  <CSTFORMRECVTYPE /> 
  <FBTPAYMENTTYPE>Default</FBTPAYMENTTYPE> 
  <VCHGSTCLASS /> 
  <DIFFACTUALQTY>No</DIFFACTUALQTY> 
  <AUDITED>No</AUDITED> 
  <FORJOBCOSTING>No</FORJOBCOSTING> 
  <ISOPTIONAL>NO</ISOPTIONAL> 
  <EFFECTIVEDATE>18/07/17</EFFECTIVEDATE> 
  <USEFORINTEREST>No</USEFORINTEREST> 
  <USEFORGAINLOSS>No</USEFORGAINLOSS> 
  <USEFORGODOWNTRANSFER>No</USEFORGODOWNTRANSFER> 
  <USEFORCOMPOUND>No</USEFORCOMPOUND> 
  <ALTERID></ALTERID> 
  <EXCISEOPENING>No</EXCISEOPENING> 
  <ISCANCELLED>NO</ISCANCELLED> 
  <HASCASHFLOW>No</HASCASHFLOW> 
  <ISPOSTDATED>NO</ISPOSTDATED> 
  <USETRACKINGNUMBER>NO</USETRACKINGNUMBER> 
  <ISINVOICE>No</ISINVOICE> 
  <MFGJOURNAL>No</MFGJOURNAL> 
  <HASDISCOUNTS>No</HASDISCOUNTS> 
  <ASPAYSLIP>No</ASPAYSLIP> 
  <ISDELETED>No</ISDELETED> 
  <ASORIGINAL>No</ASORIGINAL> 
<ALLLEDGERENTRIES.LIST>
<LEDGERNAME>RAJDEEP INDUS.PRODUCT PVT.LTD.</LEDGERNAME> 
<GSTCLASS /> 
<ISDEEMEDPOSITIVE>YES</ISDEEMEDPOSITIVE> 
<LEDGERFROMITEM>No</LEDGERFROMITEM> 
<REMOVEZEROENTRIES>No</REMOVEZEROENTRIES> 
<ISPARTYLEDGER>Yes</ISPARTYLEDGER> 
<AMOUNT>-4877.00</AMOUNT> 
    <BILLALLOCATIONS.LIST>
      <NAME>024028</NAME> 
      <BILLCREDITPERIOD>0Days</BILLCREDITPERIOD> 
      <BILLTYPE>New Ref</BILLTYPE> 
      <AMOUNT>-4877.00</AMOUNT> 
    </BILLALLOCATIONS.LIST>
</ALLLEDGERENTRIES.LIST>
<ALLLEDGERENTRIES.LIST>
<LEDGERNAME>01</LEDGERNAME> 
<GSTCLASS /> 
<ISDEEMEDPOSITIVE>NO</ISDEEMEDPOSITIVE> 
<LEDGERFROMITEM>No</LEDGERFROMITEM> 
<REMOVEZEROENTRIES>No</REMOVEZEROENTRIES> 
<ISPARTYLEDGER>Yes</ISPARTYLEDGER> 
<AMOUNT>4132.00</AMOUNT> 
</ALLLEDGERENTRIES.LIST>
<ALLLEDGERENTRIES.LIST>
<LEDGERNAME>02</LEDGERNAME> 
<GSTCLASS /> 
<ISDEEMEDPOSITIVE>NO</ISDEEMEDPOSITIVE> 
<LEDGERFROMITEM>No</LEDGERFROMITEM> 
<REMOVEZEROENTRIES>No</REMOVEZEROENTRIES> 
<ISPARTYLEDGER>Yes</ISPARTYLEDGER> 
<AMOUNT>372.00</AMOUNT> 
</ALLLEDGERENTRIES.LIST>
<ALLLEDGERENTRIES.LIST>
<LEDGERNAME>03</LEDGERNAME> 
<GSTCLASS /> 
<ISDEEMEDPOSITIVE>NO</ISDEEMEDPOSITIVE> 
<LEDGERFROMITEM>No</LEDGERFROMITEM> 
<REMOVEZEROENTRIES>No</REMOVEZEROENTRIES> 
<ISPARTYLEDGER>Yes</ISPARTYLEDGER> 
<AMOUNT>372.00</AMOUNT> 
</ALLLEDGERENTRIES.LIST>
<ALLLEDGERENTRIES.LIST>
<LEDGERNAME>Vatav Kasar</LEDGERNAME> 
<GSTCLASS /> 
<ISDEEMEDPOSITIVE>NO</ISDEEMEDPOSITIVE> 
<LEDGERFROMITEM>No</LEDGERFROMITEM> 
<REMOVEZEROENTRIES>No</REMOVEZEROENTRIES> 
<ISPARTYLEDGER>Yes</ISPARTYLEDGER> 
<AMOUNT>1.00</AMOUNT> 
</ALLLEDGERENTRIES.LIST>
</VOUCHER>
</TALLYMESSAGE>
<TALLYMESSAGE xmlns:UDF="TallyUDF">
<VOUCHER REMOTEID="c4aab193-f0e4-4462-8e73-304da9931651-000026de" VCHTYPE="Sales" ACTION="Create">
<DATE>18/07/17</DATE>
<NARRATION>Auto on 19/08/17 Party : RAAH INTERNATIONAL INDIA P.LTD</NARRATION>
<VOUCHERTYPENAME>Sales</VOUCHERTYPENAME>
<VOUCHERNUMBER>024029</VOUCHERNUMBER>
<PARTYLEDGERNAME>RAAH INTERNATIONAL INDIA P.LTD</PARTYLEDGERNAME>
  <CSTFORMISSUETYPE /> 
  <CSTFORMRECVTYPE /> 
  <FBTPAYMENTTYPE>Default</FBTPAYMENTTYPE> 
  <VCHGSTCLASS /> 
  <DIFFACTUALQTY>No</DIFFACTUALQTY> 
  <AUDITED>No</AUDITED> 
  <FORJOBCOSTING>No</FORJOBCOSTING> 
  <ISOPTIONAL>NO</ISOPTIONAL> 
  <EFFECTIVEDATE>18/07/17</EFFECTIVEDATE> 
  <USEFORINTEREST>No</USEFORINTEREST> 
  <USEFORGAINLOSS>No</USEFORGAINLOSS> 
  <USEFORGODOWNTRANSFER>No</USEFORGODOWNTRANSFER> 
  <USEFORCOMPOUND>No</USEFORCOMPOUND> 
  <ALTERID></ALTERID> 
  <EXCISEOPENING>No</EXCISEOPENING> 
  <ISCANCELLED>NO</ISCANCELLED> 
  <HASCASHFLOW>No</HASCASHFLOW> 
  <ISPOSTDATED>NO</ISPOSTDATED> 
  <USETRACKINGNUMBER>NO</USETRACKINGNUMBER> 
  <ISINVOICE>No</ISINVOICE> 
  <MFGJOURNAL>No</MFGJOURNAL> 
  <HASDISCOUNTS>No</HASDISCOUNTS> 
  <ASPAYSLIP>No</ASPAYSLIP> 
  <ISDELETED>No</ISDELETED> 
  <ASORIGINAL>No</ASORIGINAL> 
<ALLLEDGERENTRIES.LIST>
<LEDGERNAME>RAAH INTERNATIONAL INDIA P.LTD</LEDGERNAME> 
<GSTCLASS /> 
<ISDEEMEDPOSITIVE>YES</ISDEEMEDPOSITIVE> 
<LEDGERFROMITEM>No</LEDGERFROMITEM> 
<REMOVEZEROENTRIES>No</REMOVEZEROENTRIES> 
<ISPARTYLEDGER>Yes</ISPARTYLEDGER> 
<AMOUNT>-93220.00</AMOUNT> 
    <BILLALLOCATIONS.LIST>
      <NAME>024029</NAME> 
      <BILLCREDITPERIOD>0Days</BILLCREDITPERIOD> 
      <BILLTYPE>New Ref</BILLTYPE> 
      <AMOUNT>-93220.00</AMOUNT> 
    </BILLALLOCATIONS.LIST>
</ALLLEDGERENTRIES.LIST>
<ALLLEDGERENTRIES.LIST>
<LEDGERNAME>01</LEDGERNAME> 
<GSTCLASS /> 
<ISDEEMEDPOSITIVE>NO</ISDEEMEDPOSITIVE> 
<LEDGERFROMITEM>No</LEDGERFROMITEM> 
<REMOVEZEROENTRIES>No</REMOVEZEROENTRIES> 
<ISPARTYLEDGER>Yes</ISPARTYLEDGER> 
<AMOUNT>79000.00</AMOUNT> 
</ALLLEDGERENTRIES.LIST>
<ALLLEDGERENTRIES.LIST>
<LEDGERNAME>02</LEDGERNAME> 
<GSTCLASS /> 
<ISDEEMEDPOSITIVE>NO</ISDEEMEDPOSITIVE> 
<LEDGERFROMITEM>No</LEDGERFROMITEM> 
<REMOVEZEROENTRIES>No</REMOVEZEROENTRIES> 
<ISPARTYLEDGER>Yes</ISPARTYLEDGER> 
<AMOUNT>7110.00</AMOUNT> 
</ALLLEDGERENTRIES.LIST>
<ALLLEDGERENTRIES.LIST>
<LEDGERNAME>03</LEDGERNAME> 
<GSTCLASS /> 
<ISDEEMEDPOSITIVE>NO</ISDEEMEDPOSITIVE> 
<LEDGERFROMITEM>No</LEDGERFROMITEM> 
<REMOVEZEROENTRIES>No</REMOVEZEROENTRIES> 
<ISPARTYLEDGER>Yes</ISPARTYLEDGER> 
<AMOUNT>7110.00</AMOUNT> 
</ALLLEDGERENTRIES.LIST>
</VOUCHER>
</TALLYMESSAGE>
<TALLYMESSAGE xmlns:UDF="TallyUDF">
<VOUCHER REMOTEID="c4aab193-f0e4-4462-8e73-304da9931651-000026de" VCHTYPE="Sales" ACTION="Create">
<DATE>19/07/17</DATE>
<NARRATION>Auto on 19/08/17 Party : TANAJI PLUMBING WORKS.</NARRATION>
<VOUCHERTYPENAME>Sales</VOUCHERTYPENAME>
<VOUCHERNUMBER>024030</VOUCHERNUMBER>
<PARTYLEDGERNAME>TANAJI PLUMBING WORKS.</PARTYLEDGERNAME>
  <CSTFORMISSUETYPE /> 
  <CSTFORMRECVTYPE /> 
  <FBTPAYMENTTYPE>Default</FBTPAYMENTTYPE> 
  <VCHGSTCLASS /> 
  <DIFFACTUALQTY>No</DIFFACTUALQTY> 
  <AUDITED>No</AUDITED> 
  <FORJOBCOSTING>No</FORJOBCOSTING> 
  <ISOPTIONAL>NO</ISOPTIONAL> 
  <EFFECTIVEDATE>19/07/17</EFFECTIVEDATE> 
  <USEFORINTEREST>No</USEFORINTEREST> 
  <USEFORGAINLOSS>No</USEFORGAINLOSS> 
  <USEFORGODOWNTRANSFER>No</USEFORGODOWNTRANSFER> 
  <USEFORCOMPOUND>No</USEFORCOMPOUND> 
  <ALTERID></ALTERID> 
  <EXCISEOPENING>No</EXCISEOPENING> 
  <ISCANCELLED>NO</ISCANCELLED> 
  <HASCASHFLOW>No</HASCASHFLOW> 
  <ISPOSTDATED>NO</ISPOSTDATED> 
  <USETRACKINGNUMBER>NO</USETRACKINGNUMBER> 
  <ISINVOICE>No</ISINVOICE> 
  <MFGJOURNAL>No</MFGJOURNAL> 
  <HASDISCOUNTS>No</HASDISCOUNTS> 
  <ASPAYSLIP>No</ASPAYSLIP> 
  <ISDELETED>No</ISDELETED> 
  <ASORIGINAL>No</ASORIGINAL> 
<ALLLEDGERENTRIES.LIST>
<LEDGERNAME>TANAJI PLUMBING WORKS.</LEDGERNAME> 
<GSTCLASS /> 
<ISDEEMEDPOSITIVE>YES</ISDEEMEDPOSITIVE> 
<LEDGERFROMITEM>No</LEDGERFROMITEM> 
<REMOVEZEROENTRIES>No</REMOVEZEROENTRIES> 
<ISPARTYLEDGER>Yes</ISPARTYLEDGER> 
<AMOUNT>-2974.00</AMOUNT> 
    <BILLALLOCATIONS.LIST>
      <NAME>024030</NAME> 
      <BILLCREDITPERIOD>0Days</BILLCREDITPERIOD> 
      <BILLTYPE>New Ref</BILLTYPE> 
      <AMOUNT>-2974.00</AMOUNT> 
    </BILLALLOCATIONS.LIST>
</ALLLEDGERENTRIES.LIST>
<ALLLEDGERENTRIES.LIST>
<LEDGERNAME>01</LEDGERNAME> 
<GSTCLASS /> 
<ISDEEMEDPOSITIVE>NO</ISDEEMEDPOSITIVE> 
<LEDGERFROMITEM>No</LEDGERFROMITEM> 
<REMOVEZEROENTRIES>No</REMOVEZEROENTRIES> 
<ISPARTYLEDGER>Yes</ISPARTYLEDGER> 
<AMOUNT>2520.00</AMOUNT> 
</ALLLEDGERENTRIES.LIST>
<ALLLEDGERENTRIES.LIST>
<LEDGERNAME>02</LEDGERNAME> 
<GSTCLASS /> 
<ISDEEMEDPOSITIVE>NO</ISDEEMEDPOSITIVE> 
<LEDGERFROMITEM>No</LEDGERFROMITEM> 
<REMOVEZEROENTRIES>No</REMOVEZEROENTRIES> 
<ISPARTYLEDGER>Yes</ISPARTYLEDGER> 
<AMOUNT>227.00</AMOUNT> 
</ALLLEDGERENTRIES.LIST>
<ALLLEDGERENTRIES.LIST>
<LEDGERNAME>03</LEDGERNAME> 
<GSTCLASS /> 
<ISDEEMEDPOSITIVE>NO</ISDEEMEDPOSITIVE> 
<LEDGERFROMITEM>No</LEDGERFROMITEM> 
<REMOVEZEROENTRIES>No</REMOVEZEROENTRIES> 
<ISPARTYLEDGER>Yes</ISPARTYLEDGER> 
<AMOUNT>227.00</AMOUNT> 
</ALLLEDGERENTRIES.LIST>
</VOUCHER>
</TALLYMESSAGE>
<TALLYMESSAGE xmlns:UDF="TallyUDF">
<VOUCHER REMOTEID="c4aab193-f0e4-4462-8e73-304da9931651-000026de" VCHTYPE="Sales" ACTION="Create">
<DATE>20/07/17</DATE>
<NARRATION>Auto on 19/08/17 Party : RAJDEEP INDUS.PRODUCT PVT.LTD.</NARRATION>
<VOUCHERTYPENAME>Sales</VOUCHERTYPENAME>
<VOUCHERNUMBER>024031</VOUCHERNUMBER>
<PARTYLEDGERNAME>RAJDEEP INDUS.PRODUCT PVT.LTD.</PARTYLEDGERNAME>
  <CSTFORMISSUETYPE /> 
  <CSTFORMRECVTYPE /> 
  <FBTPAYMENTTYPE>Default</FBTPAYMENTTYPE> 
  <VCHGSTCLASS /> 
  <DIFFACTUALQTY>No</DIFFACTUALQTY> 
  <AUDITED>No</AUDITED> 
  <FORJOBCOSTING>No</FORJOBCOSTING> 
  <ISOPTIONAL>NO</ISOPTIONAL> 
  <EFFECTIVEDATE>20/07/17</EFFECTIVEDATE> 
  <USEFORINTEREST>No</USEFORINTEREST> 
  <USEFORGAINLOSS>No</USEFORGAINLOSS> 
  <USEFORGODOWNTRANSFER>No</USEFORGODOWNTRANSFER> 
  <USEFORCOMPOUND>No</USEFORCOMPOUND> 
  <ALTERID></ALTERID> 
  <EXCISEOPENING>No</EXCISEOPENING> 
  <ISCANCELLED>NO</ISCANCELLED> 
  <HASCASHFLOW>No</HASCASHFLOW> 
  <ISPOSTDATED>NO</ISPOSTDATED> 
  <USETRACKINGNUMBER>NO</USETRACKINGNUMBER> 
  <ISINVOICE>No</ISINVOICE> 
  <MFGJOURNAL>No</MFGJOURNAL> 
  <HASDISCOUNTS>No</HASDISCOUNTS> 
  <ASPAYSLIP>No</ASPAYSLIP> 
  <ISDELETED>No</ISDELETED> 
  <ASORIGINAL>No</ASORIGINAL> 
<ALLLEDGERENTRIES.LIST>
<LEDGERNAME>RAJDEEP INDUS.PRODUCT PVT.LTD.</LEDGERNAME> 
<GSTCLASS /> 
<ISDEEMEDPOSITIVE>YES</ISDEEMEDPOSITIVE> 
<LEDGERFROMITEM>No</LEDGERFROMITEM> 
<REMOVEZEROENTRIES>No</REMOVEZEROENTRIES> 
<ISPARTYLEDGER>Yes</ISPARTYLEDGER> 
<AMOUNT>-3165.00</AMOUNT> 
    <BILLALLOCATIONS.LIST>
      <NAME>024031</NAME> 
      <BILLCREDITPERIOD>0Days</BILLCREDITPERIOD> 
      <BILLTYPE>New Ref</BILLTYPE> 
      <AMOUNT>-3165.00</AMOUNT> 
    </BILLALLOCATIONS.LIST>
</ALLLEDGERENTRIES.LIST>
<ALLLEDGERENTRIES.LIST>
<LEDGERNAME>01</LEDGERNAME> 
<GSTCLASS /> 
<ISDEEMEDPOSITIVE>NO</ISDEEMEDPOSITIVE> 
<LEDGERFROMITEM>No</LEDGERFROMITEM> 
<REMOVEZEROENTRIES>No</REMOVEZEROENTRIES> 
<ISPARTYLEDGER>Yes</ISPARTYLEDGER> 
<AMOUNT>2680.00</AMOUNT> 
</ALLLEDGERENTRIES.LIST>
<ALLLEDGERENTRIES.LIST>
<LEDGERNAME>02</LEDGERNAME> 
<GSTCLASS /> 
<ISDEEMEDPOSITIVE>NO</ISDEEMEDPOSITIVE> 
<LEDGERFROMITEM>No</LEDGERFROMITEM> 
<REMOVEZEROENTRIES>No</REMOVEZEROENTRIES> 
<ISPARTYLEDGER>Yes</ISPARTYLEDGER> 
<AMOUNT>242.00</AMOUNT> 
</ALLLEDGERENTRIES.LIST>
<ALLLEDGERENTRIES.LIST>
<LEDGERNAME>03</LEDGERNAME> 
<GSTCLASS /> 
<ISDEEMEDPOSITIVE>NO</ISDEEMEDPOSITIVE> 
<LEDGERFROMITEM>No</LEDGERFROMITEM> 
<REMOVEZEROENTRIES>No</REMOVEZEROENTRIES> 
<ISPARTYLEDGER>Yes</ISPARTYLEDGER> 
<AMOUNT>242.00</AMOUNT> 
</ALLLEDGERENTRIES.LIST>
<ALLLEDGERENTRIES.LIST>
<LEDGERNAME>Vatav Kasar</LEDGERNAME> 
<GSTCLASS /> 
<ISDEEMEDPOSITIVE>NO</ISDEEMEDPOSITIVE> 
<LEDGERFROMITEM>No</LEDGERFROMITEM> 
<REMOVEZEROENTRIES>No</REMOVEZEROENTRIES> 
<ISPARTYLEDGER>Yes</ISPARTYLEDGER> 
<AMOUNT>1.00</AMOUNT> 
</ALLLEDGERENTRIES.LIST>
</VOUCHER>
</TALLYMESSAGE>
<TALLYMESSAGE xmlns:UDF="TallyUDF">
<VOUCHER REMOTEID="c4aab193-f0e4-4462-8e73-304da9931651-000026de" VCHTYPE="Sales" ACTION="Create">
<DATE>20/07/17</DATE>
<NARRATION>Auto on 19/08/17 Party : VINDHYACHAL HYDRO POWER P.LTD.</NARRATION>
<VOUCHERTYPENAME>Sales</VOUCHERTYPENAME>
<VOUCHERNUMBER>024032</VOUCHERNUMBER>
<PARTYLEDGERNAME>VINDHYACHAL HYDRO POWER P.LTD.</PARTYLEDGERNAME>
  <CSTFORMISSUETYPE /> 
  <CSTFORMRECVTYPE /> 
  <FBTPAYMENTTYPE>Default</FBTPAYMENTTYPE> 
  <VCHGSTCLASS /> 
  <DIFFACTUALQTY>No</DIFFACTUALQTY> 
  <AUDITED>No</AUDITED> 
  <FORJOBCOSTING>No</FORJOBCOSTING> 
  <ISOPTIONAL>NO</ISOPTIONAL> 
  <EFFECTIVEDATE>20/07/17</EFFECTIVEDATE> 
  <USEFORINTEREST>No</USEFORINTEREST> 
  <USEFORGAINLOSS>No</USEFORGAINLOSS> 
  <USEFORGODOWNTRANSFER>No</USEFORGODOWNTRANSFER> 
  <USEFORCOMPOUND>No</USEFORCOMPOUND> 
  <ALTERID></ALTERID> 
  <EXCISEOPENING>No</EXCISEOPENING> 
  <ISCANCELLED>NO</ISCANCELLED> 
  <HASCASHFLOW>No</HASCASHFLOW> 
  <ISPOSTDATED>NO</ISPOSTDATED> 
  <USETRACKINGNUMBER>NO</USETRACKINGNUMBER> 
  <ISINVOICE>No</ISINVOICE> 
  <MFGJOURNAL>No</MFGJOURNAL> 
  <HASDISCOUNTS>No</HASDISCOUNTS> 
  <ASPAYSLIP>No</ASPAYSLIP> 
  <ISDELETED>No</ISDELETED> 
  <ASORIGINAL>No</ASORIGINAL> 
<ALLLEDGERENTRIES.LIST>
<LEDGERNAME>VINDHYACHAL HYDRO POWER P.LTD.</LEDGERNAME> 
<GSTCLASS /> 
<ISDEEMEDPOSITIVE>YES</ISDEEMEDPOSITIVE> 
<LEDGERFROMITEM>No</LEDGERFROMITEM> 
<REMOVEZEROENTRIES>No</REMOVEZEROENTRIES> 
<ISPARTYLEDGER>Yes</ISPARTYLEDGER> 
<AMOUNT>-1134.00</AMOUNT> 
    <BILLALLOCATIONS.LIST>
      <NAME>024032</NAME> 
      <BILLCREDITPERIOD>0Days</BILLCREDITPERIOD> 
      <BILLTYPE>New Ref</BILLTYPE> 
      <AMOUNT>-1134.00</AMOUNT> 
    </BILLALLOCATIONS.LIST>
</ALLLEDGERENTRIES.LIST>
<ALLLEDGERENTRIES.LIST>
<LEDGERNAME>01</LEDGERNAME> 
<GSTCLASS /> 
<ISDEEMEDPOSITIVE>NO</ISDEEMEDPOSITIVE> 
<LEDGERFROMITEM>No</LEDGERFROMITEM> 
<REMOVEZEROENTRIES>No</REMOVEZEROENTRIES> 
<ISPARTYLEDGER>Yes</ISPARTYLEDGER> 
<AMOUNT>960.00</AMOUNT> 
</ALLLEDGERENTRIES.LIST>
<ALLLEDGERENTRIES.LIST>
<LEDGERNAME>02</LEDGERNAME> 
<GSTCLASS /> 
<ISDEEMEDPOSITIVE>NO</ISDEEMEDPOSITIVE> 
<LEDGERFROMITEM>No</LEDGERFROMITEM> 
<REMOVEZEROENTRIES>No</REMOVEZEROENTRIES> 
<ISPARTYLEDGER>Yes</ISPARTYLEDGER> 
<AMOUNT>86.00</AMOUNT> 
</ALLLEDGERENTRIES.LIST>
<ALLLEDGERENTRIES.LIST>
<LEDGERNAME>03</LEDGERNAME> 
<GSTCLASS /> 
<ISDEEMEDPOSITIVE>NO</ISDEEMEDPOSITIVE> 
<LEDGERFROMITEM>No</LEDGERFROMITEM> 
<REMOVEZEROENTRIES>No</REMOVEZEROENTRIES> 
<ISPARTYLEDGER>Yes</ISPARTYLEDGER> 
<AMOUNT>86.00</AMOUNT> 
</ALLLEDGERENTRIES.LIST>
<ALLLEDGERENTRIES.LIST>
<LEDGERNAME>Vatav Kasar</LEDGERNAME> 
<GSTCLASS /> 
<ISDEEMEDPOSITIVE>NO</ISDEEMEDPOSITIVE> 
<LEDGERFROMITEM>No</LEDGERFROMITEM> 
<REMOVEZEROENTRIES>No</REMOVEZEROENTRIES> 
<ISPARTYLEDGER>Yes</ISPARTYLEDGER> 
<AMOUNT>2.00</AMOUNT> 
</ALLLEDGERENTRIES.LIST>
</VOUCHER>
</TALLYMESSAGE>
<TALLYMESSAGE xmlns:UDF="TallyUDF">
<VOUCHER REMOTEID="c4aab193-f0e4-4462-8e73-304da9931651-000026de" VCHTYPE="Sales" ACTION="Create">
<DATE>20/07/17</DATE>
<NARRATION>Auto on 19/08/17 Party : AMBIKA UKRANDE ENGINEERS</NARRATION>
<VOUCHERTYPENAME>Sales</VOUCHERTYPENAME>
<VOUCHERNUMBER>024033</VOUCHERNUMBER>
<PARTYLEDGERNAME>AMBIKA UKRANDE ENGINEERS</PARTYLEDGERNAME>
  <CSTFORMISSUETYPE /> 
  <CSTFORMRECVTYPE /> 
  <FBTPAYMENTTYPE>Default</FBTPAYMENTTYPE> 
  <VCHGSTCLASS /> 
  <DIFFACTUALQTY>No</DIFFACTUALQTY> 
  <AUDITED>No</AUDITED> 
  <FORJOBCOSTING>No</FORJOBCOSTING> 
  <ISOPTIONAL>NO</ISOPTIONAL> 
  <EFFECTIVEDATE>20/07/17</EFFECTIVEDATE> 
  <USEFORINTEREST>No</USEFORINTEREST> 
  <USEFORGAINLOSS>No</USEFORGAINLOSS> 
  <USEFORGODOWNTRANSFER>No</USEFORGODOWNTRANSFER> 
  <USEFORCOMPOUND>No</USEFORCOMPOUND> 
  <ALTERID></ALTERID> 
  <EXCISEOPENING>No</EXCISEOPENING> 
  <ISCANCELLED>NO</ISCANCELLED> 
  <HASCASHFLOW>No</HASCASHFLOW> 
  <ISPOSTDATED>NO</ISPOSTDATED> 
  <USETRACKINGNUMBER>NO</USETRACKINGNUMBER> 
  <ISINVOICE>No</ISINVOICE> 
  <MFGJOURNAL>No</MFGJOURNAL> 
  <HASDISCOUNTS>No</HASDISCOUNTS> 
  <ASPAYSLIP>No</ASPAYSLIP> 
  <ISDELETED>No</ISDELETED> 
  <ASORIGINAL>No</ASORIGINAL> 
<ALLLEDGERENTRIES.LIST>
<LEDGERNAME>AMBIKA UKRANDE ENGINEERS</LEDGERNAME> 
<GSTCLASS /> 
<ISDEEMEDPOSITIVE>YES</ISDEEMEDPOSITIVE> 
<LEDGERFROMITEM>No</LEDGERFROMITEM> 
<REMOVEZEROENTRIES>No</REMOVEZEROENTRIES> 
<ISPARTYLEDGER>Yes</ISPARTYLEDGER> 
<AMOUNT>-89930.00</AMOUNT> 
    <BILLALLOCATIONS.LIST>
      <NAME>024033</NAME> 
      <BILLCREDITPERIOD>0Days</BILLCREDITPERIOD> 
      <BILLTYPE>New Ref</BILLTYPE> 
      <AMOUNT>-89930.00</AMOUNT> 
    </BILLALLOCATIONS.LIST>
</ALLLEDGERENTRIES.LIST>
<ALLLEDGERENTRIES.LIST>
<LEDGERNAME>01</LEDGERNAME> 
<GSTCLASS /> 
<ISDEEMEDPOSITIVE>NO</ISDEEMEDPOSITIVE> 
<LEDGERFROMITEM>No</LEDGERFROMITEM> 
<REMOVEZEROENTRIES>No</REMOVEZEROENTRIES> 
<ISPARTYLEDGER>Yes</ISPARTYLEDGER> 
<AMOUNT>76211.00</AMOUNT> 
</ALLLEDGERENTRIES.LIST>
<ALLLEDGERENTRIES.LIST>
<LEDGERNAME>02</LEDGERNAME> 
<GSTCLASS /> 
<ISDEEMEDPOSITIVE>NO</ISDEEMEDPOSITIVE> 
<LEDGERFROMITEM>No</LEDGERFROMITEM> 
<REMOVEZEROENTRIES>No</REMOVEZEROENTRIES> 
<ISPARTYLEDGER>Yes</ISPARTYLEDGER> 
<AMOUNT>6859.00</AMOUNT> 
</ALLLEDGERENTRIES.LIST>
<ALLLEDGERENTRIES.LIST>
<LEDGERNAME>03</LEDGERNAME> 
<GSTCLASS /> 
<ISDEEMEDPOSITIVE>NO</ISDEEMEDPOSITIVE> 
<LEDGERFROMITEM>No</LEDGERFROMITEM> 
<REMOVEZEROENTRIES>No</REMOVEZEROENTRIES> 
<ISPARTYLEDGER>Yes</ISPARTYLEDGER> 
<AMOUNT>6859.00</AMOUNT> 
</ALLLEDGERENTRIES.LIST>
<ALLLEDGERENTRIES.LIST>
<LEDGERNAME>Vatav Kasar</LEDGERNAME> 
<GSTCLASS /> 
<ISDEEMEDPOSITIVE>NO</ISDEEMEDPOSITIVE> 
<LEDGERFROMITEM>No</LEDGERFROMITEM> 
<REMOVEZEROENTRIES>No</REMOVEZEROENTRIES> 
<ISPARTYLEDGER>Yes</ISPARTYLEDGER> 
<AMOUNT>1.00</AMOUNT> 
</ALLLEDGERENTRIES.LIST>
</VOUCHER>
</TALLYMESSAGE>
<TALLYMESSAGE xmlns:UDF="TallyUDF">
<VOUCHER REMOTEID="c4aab193-f0e4-4462-8e73-304da9931651-000026de" VCHTYPE="Sales" ACTION="Create">
<DATE>20/07/17</DATE>
<NARRATION>Auto on 19/08/17 Party : AMBIKA UKRANDE ENGINEERS.</NARRATION>
<VOUCHERTYPENAME>Sales</VOUCHERTYPENAME>
<VOUCHERNUMBER>024034</VOUCHERNUMBER>
<PARTYLEDGERNAME>AMBIKA UKRANDE ENGINEERS.</PARTYLEDGERNAME>
  <CSTFORMISSUETYPE /> 
  <CSTFORMRECVTYPE /> 
  <FBTPAYMENTTYPE>Default</FBTPAYMENTTYPE> 
  <VCHGSTCLASS /> 
  <DIFFACTUALQTY>No</DIFFACTUALQTY> 
  <AUDITED>No</AUDITED> 
  <FORJOBCOSTING>No</FORJOBCOSTING> 
  <ISOPTIONAL>NO</ISOPTIONAL> 
  <EFFECTIVEDATE>20/07/17</EFFECTIVEDATE> 
  <USEFORINTEREST>No</USEFORINTEREST> 
  <USEFORGAINLOSS>No</USEFORGAINLOSS> 
  <USEFORGODOWNTRANSFER>No</USEFORGODOWNTRANSFER> 
  <USEFORCOMPOUND>No</USEFORCOMPOUND> 
  <ALTERID></ALTERID> 
  <EXCISEOPENING>No</EXCISEOPENING> 
  <ISCANCELLED>NO</ISCANCELLED> 
  <HASCASHFLOW>No</HASCASHFLOW> 
  <ISPOSTDATED>NO</ISPOSTDATED> 
  <USETRACKINGNUMBER>NO</USETRACKINGNUMBER> 
  <ISINVOICE>No</ISINVOICE> 
  <MFGJOURNAL>No</MFGJOURNAL> 
  <HASDISCOUNTS>No</HASDISCOUNTS> 
  <ASPAYSLIP>No</ASPAYSLIP> 
  <ISDELETED>No</ISDELETED> 
  <ASORIGINAL>No</ASORIGINAL> 
<ALLLEDGERENTRIES.LIST>
<LEDGERNAME>AMBIKA UKRANDE ENGINEERS.</LEDGERNAME> 
<GSTCLASS /> 
<ISDEEMEDPOSITIVE>YES</ISDEEMEDPOSITIVE> 
<LEDGERFROMITEM>No</LEDGERFROMITEM> 
<REMOVEZEROENTRIES>No</REMOVEZEROENTRIES> 
<ISPARTYLEDGER>Yes</ISPARTYLEDGER> 
<AMOUNT>-89930.00</AMOUNT> 
    <BILLALLOCATIONS.LIST>
      <NAME>024034</NAME> 
      <BILLCREDITPERIOD>0Days</BILLCREDITPERIOD> 
      <BILLTYPE>New Ref</BILLTYPE> 
      <AMOUNT>-89930.00</AMOUNT> 
    </BILLALLOCATIONS.LIST>
</ALLLEDGERENTRIES.LIST>
<ALLLEDGERENTRIES.LIST>
<LEDGERNAME>01</LEDGERNAME> 
<GSTCLASS /> 
<ISDEEMEDPOSITIVE>NO</ISDEEMEDPOSITIVE> 
<LEDGERFROMITEM>No</LEDGERFROMITEM> 
<REMOVEZEROENTRIES>No</REMOVEZEROENTRIES> 
<ISPARTYLEDGER>Yes</ISPARTYLEDGER> 
<AMOUNT>76211.00</AMOUNT> 
</ALLLEDGERENTRIES.LIST>
<ALLLEDGERENTRIES.LIST>
<LEDGERNAME>02</LEDGERNAME> 
<GSTCLASS /> 
<ISDEEMEDPOSITIVE>NO</ISDEEMEDPOSITIVE> 
<LEDGERFROMITEM>No</LEDGERFROMITEM> 
<REMOVEZEROENTRIES>No</REMOVEZEROENTRIES> 
<ISPARTYLEDGER>Yes</ISPARTYLEDGER> 
<AMOUNT>6859.00</AMOUNT> 
</ALLLEDGERENTRIES.LIST>
<ALLLEDGERENTRIES.LIST>
<LEDGERNAME>03</LEDGERNAME> 
<GSTCLASS /> 
<ISDEEMEDPOSITIVE>NO</ISDEEMEDPOSITIVE> 
<LEDGERFROMITEM>No</LEDGERFROMITEM> 
<REMOVEZEROENTRIES>No</REMOVEZEROENTRIES> 
<ISPARTYLEDGER>Yes</ISPARTYLEDGER> 
<AMOUNT>6859.00</AMOUNT> 
</ALLLEDGERENTRIES.LIST>
<ALLLEDGERENTRIES.LIST>
<LEDGERNAME>Vatav Kasar</LEDGERNAME> 
<GSTCLASS /> 
<ISDEEMEDPOSITIVE>NO</ISDEEMEDPOSITIVE> 
<LEDGERFROMITEM>No</LEDGERFROMITEM> 
<REMOVEZEROENTRIES>No</REMOVEZEROENTRIES> 
<ISPARTYLEDGER>Yes</ISPARTYLEDGER> 
<AMOUNT>1.00</AMOUNT> 
</ALLLEDGERENTRIES.LIST>
</VOUCHER>
</TALLYMESSAGE>
<TALLYMESSAGE xmlns:UDF="TallyUDF">
<VOUCHER REMOTEID="c4aab193-f0e4-4462-8e73-304da9931651-000026de" VCHTYPE="Sales" ACTION="Create">
<DATE>21/07/17</DATE>
<NARRATION>Auto on 19/08/17 Party : PANCHSHEEL ENGG. CORP.</NARRATION>
<VOUCHERTYPENAME>Sales</VOUCHERTYPENAME>
<VOUCHERNUMBER>024035</VOUCHERNUMBER>
<PARTYLEDGERNAME>PANCHSHEEL ENGG. CORP.</PARTYLEDGERNAME>
  <CSTFORMISSUETYPE /> 
  <CSTFORMRECVTYPE /> 
  <FBTPAYMENTTYPE>Default</FBTPAYMENTTYPE> 
  <VCHGSTCLASS /> 
  <DIFFACTUALQTY>No</DIFFACTUALQTY> 
  <AUDITED>No</AUDITED> 
  <FORJOBCOSTING>No</FORJOBCOSTING> 
  <ISOPTIONAL>NO</ISOPTIONAL> 
  <EFFECTIVEDATE>21/07/17</EFFECTIVEDATE> 
  <USEFORINTEREST>No</USEFORINTEREST> 
  <USEFORGAINLOSS>No</USEFORGAINLOSS> 
  <USEFORGODOWNTRANSFER>No</USEFORGODOWNTRANSFER> 
  <USEFORCOMPOUND>No</USEFORCOMPOUND> 
  <ALTERID></ALTERID> 
  <EXCISEOPENING>No</EXCISEOPENING> 
  <ISCANCELLED>NO</ISCANCELLED> 
  <HASCASHFLOW>No</HASCASHFLOW> 
  <ISPOSTDATED>NO</ISPOSTDATED> 
  <USETRACKINGNUMBER>NO</USETRACKINGNUMBER> 
  <ISINVOICE>No</ISINVOICE> 
  <MFGJOURNAL>No</MFGJOURNAL> 
  <HASDISCOUNTS>No</HASDISCOUNTS> 
  <ASPAYSLIP>No</ASPAYSLIP> 
  <ISDELETED>No</ISDELETED> 
  <ASORIGINAL>No</ASORIGINAL> 
<ALLLEDGERENTRIES.LIST>
<LEDGERNAME>PANCHSHEEL ENGG. CORP.</LEDGERNAME> 
<GSTCLASS /> 
<ISDEEMEDPOSITIVE>YES</ISDEEMEDPOSITIVE> 
<LEDGERFROMITEM>No</LEDGERFROMITEM> 
<REMOVEZEROENTRIES>No</REMOVEZEROENTRIES> 
<ISPARTYLEDGER>Yes</ISPARTYLEDGER> 
<AMOUNT>-16797.00</AMOUNT> 
    <BILLALLOCATIONS.LIST>
      <NAME>024035</NAME> 
      <BILLCREDITPERIOD>0Days</BILLCREDITPERIOD> 
      <BILLTYPE>New Ref</BILLTYPE> 
      <AMOUNT>-16797.00</AMOUNT> 
    </BILLALLOCATIONS.LIST>
</ALLLEDGERENTRIES.LIST>
<ALLLEDGERENTRIES.LIST>
<LEDGERNAME>01</LEDGERNAME> 
<GSTCLASS /> 
<ISDEEMEDPOSITIVE>NO</ISDEEMEDPOSITIVE> 
<LEDGERFROMITEM>No</LEDGERFROMITEM> 
<REMOVEZEROENTRIES>No</REMOVEZEROENTRIES> 
<ISPARTYLEDGER>Yes</ISPARTYLEDGER> 
<AMOUNT>14235.00</AMOUNT> 
</ALLLEDGERENTRIES.LIST>
<ALLLEDGERENTRIES.LIST>
<LEDGERNAME>02</LEDGERNAME> 
<GSTCLASS /> 
<ISDEEMEDPOSITIVE>NO</ISDEEMEDPOSITIVE> 
<LEDGERFROMITEM>No</LEDGERFROMITEM> 
<REMOVEZEROENTRIES>No</REMOVEZEROENTRIES> 
<ISPARTYLEDGER>Yes</ISPARTYLEDGER> 
<AMOUNT>1281.00</AMOUNT> 
</ALLLEDGERENTRIES.LIST>
<ALLLEDGERENTRIES.LIST>
<LEDGERNAME>03</LEDGERNAME> 
<GSTCLASS /> 
<ISDEEMEDPOSITIVE>NO</ISDEEMEDPOSITIVE> 
<LEDGERFROMITEM>No</LEDGERFROMITEM> 
<REMOVEZEROENTRIES>No</REMOVEZEROENTRIES> 
<ISPARTYLEDGER>Yes</ISPARTYLEDGER> 
<AMOUNT>1281.00</AMOUNT> 
</ALLLEDGERENTRIES.LIST>
</VOUCHER>
</TALLYMESSAGE>
<TALLYMESSAGE xmlns:UDF="TallyUDF">
<VOUCHER REMOTEID="c4aab193-f0e4-4462-8e73-304da9931651-000026de" VCHTYPE="Sales" ACTION="Create">
<DATE>21/07/17</DATE>
<NARRATION>Auto on 19/08/17 Party : ZENITH INDL.RUBBER PRODUCTS.</NARRATION>
<VOUCHERTYPENAME>Sales</VOUCHERTYPENAME>
<VOUCHERNUMBER>024036</VOUCHERNUMBER>
<PARTYLEDGERNAME>ZENITH INDL.RUBBER PRODUCTS.</PARTYLEDGERNAME>
  <CSTFORMISSUETYPE /> 
  <CSTFORMRECVTYPE /> 
  <FBTPAYMENTTYPE>Default</FBTPAYMENTTYPE> 
  <VCHGSTCLASS /> 
  <DIFFACTUALQTY>No</DIFFACTUALQTY> 
  <AUDITED>No</AUDITED> 
  <FORJOBCOSTING>No</FORJOBCOSTING> 
  <ISOPTIONAL>NO</ISOPTIONAL> 
  <EFFECTIVEDATE>21/07/17</EFFECTIVEDATE> 
  <USEFORINTEREST>No</USEFORINTEREST> 
  <USEFORGAINLOSS>No</USEFORGAINLOSS> 
  <USEFORGODOWNTRANSFER>No</USEFORGODOWNTRANSFER> 
  <USEFORCOMPOUND>No</USEFORCOMPOUND> 
  <ALTERID></ALTERID> 
  <EXCISEOPENING>No</EXCISEOPENING> 
  <ISCANCELLED>NO</ISCANCELLED> 
  <HASCASHFLOW>No</HASCASHFLOW> 
  <ISPOSTDATED>NO</ISPOSTDATED> 
  <USETRACKINGNUMBER>NO</USETRACKINGNUMBER> 
  <ISINVOICE>No</ISINVOICE> 
  <MFGJOURNAL>No</MFGJOURNAL> 
  <HASDISCOUNTS>No</HASDISCOUNTS> 
  <ASPAYSLIP>No</ASPAYSLIP> 
  <ISDELETED>No</ISDELETED> 
  <ASORIGINAL>No</ASORIGINAL> 
<ALLLEDGERENTRIES.LIST>
<LEDGERNAME>ZENITH INDL.RUBBER PRODUCTS.</LEDGERNAME> 
<GSTCLASS /> 
<ISDEEMEDPOSITIVE>YES</ISDEEMEDPOSITIVE> 
<LEDGERFROMITEM>No</LEDGERFROMITEM> 
<REMOVEZEROENTRIES>No</REMOVEZEROENTRIES> 
<ISPARTYLEDGER>Yes</ISPARTYLEDGER> 
<AMOUNT>-1724.00</AMOUNT> 
    <BILLALLOCATIONS.LIST>
      <NAME>024036</NAME> 
      <BILLCREDITPERIOD>0Days</BILLCREDITPERIOD> 
      <BILLTYPE>New Ref</BILLTYPE> 
      <AMOUNT>-1724.00</AMOUNT> 
    </BILLALLOCATIONS.LIST>
</ALLLEDGERENTRIES.LIST>
<ALLLEDGERENTRIES.LIST>
<LEDGERNAME>01</LEDGERNAME> 
<GSTCLASS /> 
<ISDEEMEDPOSITIVE>NO</ISDEEMEDPOSITIVE> 
<LEDGERFROMITEM>No</LEDGERFROMITEM> 
<REMOVEZEROENTRIES>No</REMOVEZEROENTRIES> 
<ISPARTYLEDGER>Yes</ISPARTYLEDGER> 
<AMOUNT>1460.00</AMOUNT> 
</ALLLEDGERENTRIES.LIST>
<ALLLEDGERENTRIES.LIST>
<LEDGERNAME>02</LEDGERNAME> 
<GSTCLASS /> 
<ISDEEMEDPOSITIVE>NO</ISDEEMEDPOSITIVE> 
<LEDGERFROMITEM>No</LEDGERFROMITEM> 
<REMOVEZEROENTRIES>No</REMOVEZEROENTRIES> 
<ISPARTYLEDGER>Yes</ISPARTYLEDGER> 
<AMOUNT>132.00</AMOUNT> 
</ALLLEDGERENTRIES.LIST>
<ALLLEDGERENTRIES.LIST>
<LEDGERNAME>03</LEDGERNAME> 
<GSTCLASS /> 
<ISDEEMEDPOSITIVE>NO</ISDEEMEDPOSITIVE> 
<LEDGERFROMITEM>No</LEDGERFROMITEM> 
<REMOVEZEROENTRIES>No</REMOVEZEROENTRIES> 
<ISPARTYLEDGER>Yes</ISPARTYLEDGER> 
<AMOUNT>132.00</AMOUNT> 
</ALLLEDGERENTRIES.LIST>
</VOUCHER>
</TALLYMESSAGE>
<TALLYMESSAGE xmlns:UDF="TallyUDF">
<VOUCHER REMOTEID="c4aab193-f0e4-4462-8e73-304da9931651-000026de" VCHTYPE="Sales" ACTION="Create">
<DATE>22/07/17</DATE>
<NARRATION>Auto on 19/08/17 Party : SAGAR SHIP REPAIRERS &amp; MARINE.</NARRATION>
<VOUCHERTYPENAME>Sales</VOUCHERTYPENAME>
<VOUCHERNUMBER>024037</VOUCHERNUMBER>
<PARTYLEDGERNAME>SAGAR SHIP REPAIRERS &amp; MARINE.</PARTYLEDGERNAME>
  <CSTFORMISSUETYPE /> 
  <CSTFORMRECVTYPE /> 
  <FBTPAYMENTTYPE>Default</FBTPAYMENTTYPE> 
  <VCHGSTCLASS /> 
  <DIFFACTUALQTY>No</DIFFACTUALQTY> 
  <AUDITED>No</AUDITED> 
  <FORJOBCOSTING>No</FORJOBCOSTING> 
  <ISOPTIONAL>NO</ISOPTIONAL> 
  <EFFECTIVEDATE>22/07/17</EFFECTIVEDATE> 
  <USEFORINTEREST>No</USEFORINTEREST> 
  <USEFORGAINLOSS>No</USEFORGAINLOSS> 
  <USEFORGODOWNTRANSFER>No</USEFORGODOWNTRANSFER> 
  <USEFORCOMPOUND>No</USEFORCOMPOUND> 
  <ALTERID></ALTERID> 
  <EXCISEOPENING>No</EXCISEOPENING> 
  <ISCANCELLED>NO</ISCANCELLED> 
  <HASCASHFLOW>No</HASCASHFLOW> 
  <ISPOSTDATED>NO</ISPOSTDATED> 
  <USETRACKINGNUMBER>NO</USETRACKINGNUMBER> 
  <ISINVOICE>No</ISINVOICE> 
  <MFGJOURNAL>No</MFGJOURNAL> 
  <HASDISCOUNTS>No</HASDISCOUNTS> 
  <ASPAYSLIP>No</ASPAYSLIP> 
  <ISDELETED>No</ISDELETED> 
  <ASORIGINAL>No</ASORIGINAL> 
<ALLLEDGERENTRIES.LIST>
<LEDGERNAME>SAGAR SHIP REPAIRERS &amp; MARINE.</LEDGERNAME> 
<GSTCLASS /> 
<ISDEEMEDPOSITIVE>YES</ISDEEMEDPOSITIVE> 
<LEDGERFROMITEM>No</LEDGERFROMITEM> 
<REMOVEZEROENTRIES>No</REMOVEZEROENTRIES> 
<ISPARTYLEDGER>Yes</ISPARTYLEDGER> 
<AMOUNT>-5364.00</AMOUNT> 
    <BILLALLOCATIONS.LIST>
      <NAME>024037</NAME> 
      <BILLCREDITPERIOD>0Days</BILLCREDITPERIOD> 
      <BILLTYPE>New Ref</BILLTYPE> 
      <AMOUNT>-5364.00</AMOUNT> 
    </BILLALLOCATIONS.LIST>
</ALLLEDGERENTRIES.LIST>
<ALLLEDGERENTRIES.LIST>
<LEDGERNAME>01</LEDGERNAME> 
<GSTCLASS /> 
<ISDEEMEDPOSITIVE>NO</ISDEEMEDPOSITIVE> 
<LEDGERFROMITEM>No</LEDGERFROMITEM> 
<REMOVEZEROENTRIES>No</REMOVEZEROENTRIES> 
<ISPARTYLEDGER>Yes</ISPARTYLEDGER> 
<AMOUNT>4546.00</AMOUNT> 
</ALLLEDGERENTRIES.LIST>
<ALLLEDGERENTRIES.LIST>
<LEDGERNAME>02</LEDGERNAME> 
<GSTCLASS /> 
<ISDEEMEDPOSITIVE>NO</ISDEEMEDPOSITIVE> 
<LEDGERFROMITEM>No</LEDGERFROMITEM> 
<REMOVEZEROENTRIES>No</REMOVEZEROENTRIES> 
<ISPARTYLEDGER>Yes</ISPARTYLEDGER> 
<AMOUNT>409.00</AMOUNT> 
</ALLLEDGERENTRIES.LIST>
<ALLLEDGERENTRIES.LIST>
<LEDGERNAME>03</LEDGERNAME> 
<GSTCLASS /> 
<ISDEEMEDPOSITIVE>NO</ISDEEMEDPOSITIVE> 
<LEDGERFROMITEM>No</LEDGERFROMITEM> 
<REMOVEZEROENTRIES>No</REMOVEZEROENTRIES> 
<ISPARTYLEDGER>Yes</ISPARTYLEDGER> 
<AMOUNT>409.00</AMOUNT> 
</ALLLEDGERENTRIES.LIST>
</VOUCHER>
</TALLYMESSAGE>
<TALLYMESSAGE xmlns:UDF="TallyUDF">
<VOUCHER REMOTEID="c4aab193-f0e4-4462-8e73-304da9931651-000026de" VCHTYPE="Sales" ACTION="Create">
<DATE>22/07/17</DATE>
<NARRATION>Auto on 19/08/17 Party : VASUNDHARA ASSOCIATES</NARRATION>
<VOUCHERTYPENAME>Sales</VOUCHERTYPENAME>
<VOUCHERNUMBER>024038</VOUCHERNUMBER>
<PARTYLEDGERNAME>VASUNDHARA ASSOCIATES</PARTYLEDGERNAME>
  <CSTFORMISSUETYPE /> 
  <CSTFORMRECVTYPE /> 
  <FBTPAYMENTTYPE>Default</FBTPAYMENTTYPE> 
  <VCHGSTCLASS /> 
  <DIFFACTUALQTY>No</DIFFACTUALQTY> 
  <AUDITED>No</AUDITED> 
  <FORJOBCOSTING>No</FORJOBCOSTING> 
  <ISOPTIONAL>NO</ISOPTIONAL> 
  <EFFECTIVEDATE>22/07/17</EFFECTIVEDATE> 
  <USEFORINTEREST>No</USEFORINTEREST> 
  <USEFORGAINLOSS>No</USEFORGAINLOSS> 
  <USEFORGODOWNTRANSFER>No</USEFORGODOWNTRANSFER> 
  <USEFORCOMPOUND>No</USEFORCOMPOUND> 
  <ALTERID></ALTERID> 
  <EXCISEOPENING>No</EXCISEOPENING> 
  <ISCANCELLED>NO</ISCANCELLED> 
  <HASCASHFLOW>No</HASCASHFLOW> 
  <ISPOSTDATED>NO</ISPOSTDATED> 
  <USETRACKINGNUMBER>NO</USETRACKINGNUMBER> 
  <ISINVOICE>No</ISINVOICE> 
  <MFGJOURNAL>No</MFGJOURNAL> 
  <HASDISCOUNTS>No</HASDISCOUNTS> 
  <ASPAYSLIP>No</ASPAYSLIP> 
  <ISDELETED>No</ISDELETED> 
  <ASORIGINAL>No</ASORIGINAL> 
<ALLLEDGERENTRIES.LIST>
<LEDGERNAME>VASUNDHARA ASSOCIATES</LEDGERNAME> 
<GSTCLASS /> 
<ISDEEMEDPOSITIVE>YES</ISDEEMEDPOSITIVE> 
<LEDGERFROMITEM>No</LEDGERFROMITEM> 
<REMOVEZEROENTRIES>No</REMOVEZEROENTRIES> 
<ISPARTYLEDGER>Yes</ISPARTYLEDGER> 
<AMOUNT>-22978.00</AMOUNT> 
    <BILLALLOCATIONS.LIST>
      <NAME>024038</NAME> 
      <BILLCREDITPERIOD>0Days</BILLCREDITPERIOD> 
      <BILLTYPE>New Ref</BILLTYPE> 
      <AMOUNT>-22978.00</AMOUNT> 
    </BILLALLOCATIONS.LIST>
</ALLLEDGERENTRIES.LIST>
<ALLLEDGERENTRIES.LIST>
<LEDGERNAME>01</LEDGERNAME> 
<GSTCLASS /> 
<ISDEEMEDPOSITIVE>NO</ISDEEMEDPOSITIVE> 
<LEDGERFROMITEM>No</LEDGERFROMITEM> 
<REMOVEZEROENTRIES>No</REMOVEZEROENTRIES> 
<ISPARTYLEDGER>Yes</ISPARTYLEDGER> 
<AMOUNT>19471.00</AMOUNT> 
</ALLLEDGERENTRIES.LIST>
<ALLLEDGERENTRIES.LIST>
<LEDGERNAME>02</LEDGERNAME> 
<GSTCLASS /> 
<ISDEEMEDPOSITIVE>NO</ISDEEMEDPOSITIVE> 
<LEDGERFROMITEM>No</LEDGERFROMITEM> 
<REMOVEZEROENTRIES>No</REMOVEZEROENTRIES> 
<ISPARTYLEDGER>Yes</ISPARTYLEDGER> 
<AMOUNT>1753.00</AMOUNT> 
</ALLLEDGERENTRIES.LIST>
<ALLLEDGERENTRIES.LIST>
<LEDGERNAME>03</LEDGERNAME> 
<GSTCLASS /> 
<ISDEEMEDPOSITIVE>NO</ISDEEMEDPOSITIVE> 
<LEDGERFROMITEM>No</LEDGERFROMITEM> 
<REMOVEZEROENTRIES>No</REMOVEZEROENTRIES> 
<ISPARTYLEDGER>Yes</ISPARTYLEDGER> 
<AMOUNT>1753.00</AMOUNT> 
</ALLLEDGERENTRIES.LIST>
<ALLLEDGERENTRIES.LIST>
<LEDGERNAME>Vatav Kasar</LEDGERNAME> 
<GSTCLASS /> 
<ISDEEMEDPOSITIVE>NO</ISDEEMEDPOSITIVE> 
<LEDGERFROMITEM>No</LEDGERFROMITEM> 
<REMOVEZEROENTRIES>No</REMOVEZEROENTRIES> 
<ISPARTYLEDGER>Yes</ISPARTYLEDGER> 
<AMOUNT>1.00</AMOUNT> 
</ALLLEDGERENTRIES.LIST>
</VOUCHER>
</TALLYMESSAGE>
<TALLYMESSAGE xmlns:UDF="TallyUDF">
<VOUCHER REMOTEID="c4aab193-f0e4-4462-8e73-304da9931651-000026de" VCHTYPE="Sales" ACTION="Create">
<DATE>22/07/17</DATE>
<NARRATION>Auto on 19/08/17 Party : SAI INDUSTRIES.</NARRATION>
<VOUCHERTYPENAME>Sales</VOUCHERTYPENAME>
<VOUCHERNUMBER>024039</VOUCHERNUMBER>
<PARTYLEDGERNAME>SAI INDUSTRIES.</PARTYLEDGERNAME>
  <CSTFORMISSUETYPE /> 
  <CSTFORMRECVTYPE /> 
  <FBTPAYMENTTYPE>Default</FBTPAYMENTTYPE> 
  <VCHGSTCLASS /> 
  <DIFFACTUALQTY>No</DIFFACTUALQTY> 
  <AUDITED>No</AUDITED> 
  <FORJOBCOSTING>No</FORJOBCOSTING> 
  <ISOPTIONAL>NO</ISOPTIONAL> 
  <EFFECTIVEDATE>22/07/17</EFFECTIVEDATE> 
  <USEFORINTEREST>No</USEFORINTEREST> 
  <USEFORGAINLOSS>No</USEFORGAINLOSS> 
  <USEFORGODOWNTRANSFER>No</USEFORGODOWNTRANSFER> 
  <USEFORCOMPOUND>No</USEFORCOMPOUND> 
  <ALTERID></ALTERID> 
  <EXCISEOPENING>No</EXCISEOPENING> 
  <ISCANCELLED>NO</ISCANCELLED> 
  <HASCASHFLOW>No</HASCASHFLOW> 
  <ISPOSTDATED>NO</ISPOSTDATED> 
  <USETRACKINGNUMBER>NO</USETRACKINGNUMBER> 
  <ISINVOICE>No</ISINVOICE> 
  <MFGJOURNAL>No</MFGJOURNAL> 
  <HASDISCOUNTS>No</HASDISCOUNTS> 
  <ASPAYSLIP>No</ASPAYSLIP> 
  <ISDELETED>No</ISDELETED> 
  <ASORIGINAL>No</ASORIGINAL> 
<ALLLEDGERENTRIES.LIST>
<LEDGERNAME>SAI INDUSTRIES.</LEDGERNAME> 
<GSTCLASS /> 
<ISDEEMEDPOSITIVE>YES</ISDEEMEDPOSITIVE> 
<LEDGERFROMITEM>No</LEDGERFROMITEM> 
<REMOVEZEROENTRIES>No</REMOVEZEROENTRIES> 
<ISPARTYLEDGER>Yes</ISPARTYLEDGER> 
<AMOUNT>-1968.00</AMOUNT> 
    <BILLALLOCATIONS.LIST>
      <NAME>024039</NAME> 
      <BILLCREDITPERIOD>0Days</BILLCREDITPERIOD> 
      <BILLTYPE>New Ref</BILLTYPE> 
      <AMOUNT>-1968.00</AMOUNT> 
    </BILLALLOCATIONS.LIST>
</ALLLEDGERENTRIES.LIST>
<ALLLEDGERENTRIES.LIST>
<LEDGERNAME>01</LEDGERNAME> 
<GSTCLASS /> 
<ISDEEMEDPOSITIVE>NO</ISDEEMEDPOSITIVE> 
<LEDGERFROMITEM>No</LEDGERFROMITEM> 
<REMOVEZEROENTRIES>No</REMOVEZEROENTRIES> 
<ISPARTYLEDGER>Yes</ISPARTYLEDGER> 
<AMOUNT>1668.00</AMOUNT> 
</ALLLEDGERENTRIES.LIST>
<ALLLEDGERENTRIES.LIST>
<LEDGERNAME>02</LEDGERNAME> 
<GSTCLASS /> 
<ISDEEMEDPOSITIVE>NO</ISDEEMEDPOSITIVE> 
<LEDGERFROMITEM>No</LEDGERFROMITEM> 
<REMOVEZEROENTRIES>No</REMOVEZEROENTRIES> 
<ISPARTYLEDGER>Yes</ISPARTYLEDGER> 
<AMOUNT>150.00</AMOUNT> 
</ALLLEDGERENTRIES.LIST>
<ALLLEDGERENTRIES.LIST>
<LEDGERNAME>03</LEDGERNAME> 
<GSTCLASS /> 
<ISDEEMEDPOSITIVE>NO</ISDEEMEDPOSITIVE> 
<LEDGERFROMITEM>No</LEDGERFROMITEM> 
<REMOVEZEROENTRIES>No</REMOVEZEROENTRIES> 
<ISPARTYLEDGER>Yes</ISPARTYLEDGER> 
<AMOUNT>150.00</AMOUNT> 
</ALLLEDGERENTRIES.LIST>
</VOUCHER>
</TALLYMESSAGE>
<TALLYMESSAGE xmlns:UDF="TallyUDF">
<VOUCHER REMOTEID="c4aab193-f0e4-4462-8e73-304da9931651-000026de" VCHTYPE="Sales" ACTION="Create">
<DATE>22/07/17</DATE>
<NARRATION>Auto on 19/08/17 Party : H.JASVANTRAI ENGG.P.LTD.(GUJ).</NARRATION>
<VOUCHERTYPENAME>Sales</VOUCHERTYPENAME>
<VOUCHERNUMBER>024040</VOUCHERNUMBER>
<PARTYLEDGERNAME>H.JASVANTRAI ENGG.P.LTD.(GUJ).</PARTYLEDGERNAME>
  <CSTFORMISSUETYPE /> 
  <CSTFORMRECVTYPE /> 
  <FBTPAYMENTTYPE>Default</FBTPAYMENTTYPE> 
  <VCHGSTCLASS /> 
  <DIFFACTUALQTY>No</DIFFACTUALQTY> 
  <AUDITED>No</AUDITED> 
  <FORJOBCOSTING>No</FORJOBCOSTING> 
  <ISOPTIONAL>NO</ISOPTIONAL> 
  <EFFECTIVEDATE>22/07/17</EFFECTIVEDATE> 
  <USEFORINTEREST>No</USEFORINTEREST> 
  <USEFORGAINLOSS>No</USEFORGAINLOSS> 
  <USEFORGODOWNTRANSFER>No</USEFORGODOWNTRANSFER> 
  <USEFORCOMPOUND>No</USEFORCOMPOUND> 
  <ALTERID></ALTERID> 
  <EXCISEOPENING>No</EXCISEOPENING> 
  <ISCANCELLED>NO</ISCANCELLED> 
  <HASCASHFLOW>No</HASCASHFLOW> 
  <ISPOSTDATED>NO</ISPOSTDATED> 
  <USETRACKINGNUMBER>NO</USETRACKINGNUMBER> 
  <ISINVOICE>No</ISINVOICE> 
  <MFGJOURNAL>No</MFGJOURNAL> 
  <HASDISCOUNTS>No</HASDISCOUNTS> 
  <ASPAYSLIP>No</ASPAYSLIP> 
  <ISDELETED>No</ISDELETED> 
  <ASORIGINAL>No</ASORIGINAL> 
<ALLLEDGERENTRIES.LIST>
<LEDGERNAME>H.JASVANTRAI ENGG.P.LTD.(GUJ).</LEDGERNAME> 
<GSTCLASS /> 
<ISDEEMEDPOSITIVE>YES</ISDEEMEDPOSITIVE> 
<LEDGERFROMITEM>No</LEDGERFROMITEM> 
<REMOVEZEROENTRIES>No</REMOVEZEROENTRIES> 
<ISPARTYLEDGER>Yes</ISPARTYLEDGER> 
<AMOUNT>-4772.00</AMOUNT> 
    <BILLALLOCATIONS.LIST>
      <NAME>024040</NAME> 
      <BILLCREDITPERIOD>0Days</BILLCREDITPERIOD> 
      <BILLTYPE>New Ref</BILLTYPE> 
      <AMOUNT>-4772.00</AMOUNT> 
    </BILLALLOCATIONS.LIST>
</ALLLEDGERENTRIES.LIST>
<ALLLEDGERENTRIES.LIST>
<LEDGERNAME>01</LEDGERNAME> 
<GSTCLASS /> 
<ISDEEMEDPOSITIVE>NO</ISDEEMEDPOSITIVE> 
<LEDGERFROMITEM>No</LEDGERFROMITEM> 
<REMOVEZEROENTRIES>No</REMOVEZEROENTRIES> 
<ISPARTYLEDGER>Yes</ISPARTYLEDGER> 
<AMOUNT>4044.00</AMOUNT> 
</ALLLEDGERENTRIES.LIST>
<ALLLEDGERENTRIES.LIST>
<LEDGERNAME>04</LEDGERNAME> 
<GSTCLASS /> 
<ISDEEMEDPOSITIVE>NO</ISDEEMEDPOSITIVE> 
<LEDGERFROMITEM>No</LEDGERFROMITEM> 
<REMOVEZEROENTRIES>No</REMOVEZEROENTRIES> 
<ISPARTYLEDGER>Yes</ISPARTYLEDGER> 
<AMOUNT>728.00</AMOUNT> 
</ALLLEDGERENTRIES.LIST>
</VOUCHER>
</TALLYMESSAGE>
<TALLYMESSAGE xmlns:UDF="TallyUDF">
<VOUCHER REMOTEID="c4aab193-f0e4-4462-8e73-304da9931651-000026de" VCHTYPE="Sales" ACTION="Create">
<DATE>22/07/17</DATE>
<NARRATION>Auto on 19/08/17 Party : C.BOLE &amp; CO.</NARRATION>
<VOUCHERTYPENAME>Sales</VOUCHERTYPENAME>
<VOUCHERNUMBER>024041</VOUCHERNUMBER>
<PARTYLEDGERNAME>C.BOLE &amp; CO.</PARTYLEDGERNAME>
  <CSTFORMISSUETYPE /> 
  <CSTFORMRECVTYPE /> 
  <FBTPAYMENTTYPE>Default</FBTPAYMENTTYPE> 
  <VCHGSTCLASS /> 
  <DIFFACTUALQTY>No</DIFFACTUALQTY> 
  <AUDITED>No</AUDITED> 
  <FORJOBCOSTING>No</FORJOBCOSTING> 
  <ISOPTIONAL>NO</ISOPTIONAL> 
  <EFFECTIVEDATE>22/07/17</EFFECTIVEDATE> 
  <USEFORINTEREST>No</USEFORINTEREST> 
  <USEFORGAINLOSS>No</USEFORGAINLOSS> 
  <USEFORGODOWNTRANSFER>No</USEFORGODOWNTRANSFER> 
  <USEFORCOMPOUND>No</USEFORCOMPOUND> 
  <ALTERID></ALTERID> 
  <EXCISEOPENING>No</EXCISEOPENING> 
  <ISCANCELLED>NO</ISCANCELLED> 
  <HASCASHFLOW>No</HASCASHFLOW> 
  <ISPOSTDATED>NO</ISPOSTDATED> 
  <USETRACKINGNUMBER>NO</USETRACKINGNUMBER> 
  <ISINVOICE>No</ISINVOICE> 
  <MFGJOURNAL>No</MFGJOURNAL> 
  <HASDISCOUNTS>No</HASDISCOUNTS> 
  <ASPAYSLIP>No</ASPAYSLIP> 
  <ISDELETED>No</ISDELETED> 
  <ASORIGINAL>No</ASORIGINAL> 
<ALLLEDGERENTRIES.LIST>
<LEDGERNAME>C.BOLE &amp; CO.</LEDGERNAME> 
<GSTCLASS /> 
<ISDEEMEDPOSITIVE>YES</ISDEEMEDPOSITIVE> 
<LEDGERFROMITEM>No</LEDGERFROMITEM> 
<REMOVEZEROENTRIES>No</REMOVEZEROENTRIES> 
<ISPARTYLEDGER>Yes</ISPARTYLEDGER> 
<AMOUNT>-4564.00</AMOUNT> 
    <BILLALLOCATIONS.LIST>
      <NAME>024041</NAME> 
      <BILLCREDITPERIOD>0Days</BILLCREDITPERIOD> 
      <BILLTYPE>New Ref</BILLTYPE> 
      <AMOUNT>-4564.00</AMOUNT> 
    </BILLALLOCATIONS.LIST>
</ALLLEDGERENTRIES.LIST>
<ALLLEDGERENTRIES.LIST>
<LEDGERNAME>01</LEDGERNAME> 
<GSTCLASS /> 
<ISDEEMEDPOSITIVE>NO</ISDEEMEDPOSITIVE> 
<LEDGERFROMITEM>No</LEDGERFROMITEM> 
<REMOVEZEROENTRIES>No</REMOVEZEROENTRIES> 
<ISPARTYLEDGER>Yes</ISPARTYLEDGER> 
<AMOUNT>3867.00</AMOUNT> 
</ALLLEDGERENTRIES.LIST>
<ALLLEDGERENTRIES.LIST>
<LEDGERNAME>02</LEDGERNAME> 
<GSTCLASS /> 
<ISDEEMEDPOSITIVE>NO</ISDEEMEDPOSITIVE> 
<LEDGERFROMITEM>No</LEDGERFROMITEM> 
<REMOVEZEROENTRIES>No</REMOVEZEROENTRIES> 
<ISPARTYLEDGER>Yes</ISPARTYLEDGER> 
<AMOUNT>348.00</AMOUNT> 
</ALLLEDGERENTRIES.LIST>
<ALLLEDGERENTRIES.LIST>
<LEDGERNAME>03</LEDGERNAME> 
<GSTCLASS /> 
<ISDEEMEDPOSITIVE>NO</ISDEEMEDPOSITIVE> 
<LEDGERFROMITEM>No</LEDGERFROMITEM> 
<REMOVEZEROENTRIES>No</REMOVEZEROENTRIES> 
<ISPARTYLEDGER>Yes</ISPARTYLEDGER> 
<AMOUNT>348.00</AMOUNT> 
</ALLLEDGERENTRIES.LIST>
<ALLLEDGERENTRIES.LIST>
<LEDGERNAME>Vatav Kasar</LEDGERNAME> 
<GSTCLASS /> 
<ISDEEMEDPOSITIVE>NO</ISDEEMEDPOSITIVE> 
<LEDGERFROMITEM>No</LEDGERFROMITEM> 
<REMOVEZEROENTRIES>No</REMOVEZEROENTRIES> 
<ISPARTYLEDGER>Yes</ISPARTYLEDGER> 
<AMOUNT>1.00</AMOUNT> 
</ALLLEDGERENTRIES.LIST>
</VOUCHER>
</TALLYMESSAGE>
<TALLYMESSAGE xmlns:UDF="TallyUDF">
<VOUCHER REMOTEID="c4aab193-f0e4-4462-8e73-304da9931651-000026de" VCHTYPE="Sales" ACTION="Create">
<DATE>22/07/17</DATE>
<NARRATION>Auto on 19/08/17 Party : ZENITH INDL.RUBBER PRODUCTS.</NARRATION>
<VOUCHERTYPENAME>Sales</VOUCHERTYPENAME>
<VOUCHERNUMBER>024042</VOUCHERNUMBER>
<PARTYLEDGERNAME>ZENITH INDL.RUBBER PRODUCTS.</PARTYLEDGERNAME>
  <CSTFORMISSUETYPE /> 
  <CSTFORMRECVTYPE /> 
  <FBTPAYMENTTYPE>Default</FBTPAYMENTTYPE> 
  <VCHGSTCLASS /> 
  <DIFFACTUALQTY>No</DIFFACTUALQTY> 
  <AUDITED>No</AUDITED> 
  <FORJOBCOSTING>No</FORJOBCOSTING> 
  <ISOPTIONAL>NO</ISOPTIONAL> 
  <EFFECTIVEDATE>22/07/17</EFFECTIVEDATE> 
  <USEFORINTEREST>No</USEFORINTEREST> 
  <USEFORGAINLOSS>No</USEFORGAINLOSS> 
  <USEFORGODOWNTRANSFER>No</USEFORGODOWNTRANSFER> 
  <USEFORCOMPOUND>No</USEFORCOMPOUND> 
  <ALTERID></ALTERID> 
  <EXCISEOPENING>No</EXCISEOPENING> 
  <ISCANCELLED>NO</ISCANCELLED> 
  <HASCASHFLOW>No</HASCASHFLOW> 
  <ISPOSTDATED>NO</ISPOSTDATED> 
  <USETRACKINGNUMBER>NO</USETRACKINGNUMBER> 
  <ISINVOICE>No</ISINVOICE> 
  <MFGJOURNAL>No</MFGJOURNAL> 
  <HASDISCOUNTS>No</HASDISCOUNTS> 
  <ASPAYSLIP>No</ASPAYSLIP> 
  <ISDELETED>No</ISDELETED> 
  <ASORIGINAL>No</ASORIGINAL> 
<ALLLEDGERENTRIES.LIST>
<LEDGERNAME>ZENITH INDL.RUBBER PRODUCTS.</LEDGERNAME> 
<GSTCLASS /> 
<ISDEEMEDPOSITIVE>YES</ISDEEMEDPOSITIVE> 
<LEDGERFROMITEM>No</LEDGERFROMITEM> 
<REMOVEZEROENTRIES>No</REMOVEZEROENTRIES> 
<ISPARTYLEDGER>Yes</ISPARTYLEDGER> 
<AMOUNT>-21523.00</AMOUNT> 
    <BILLALLOCATIONS.LIST>
      <NAME>024042</NAME> 
      <BILLCREDITPERIOD>0Days</BILLCREDITPERIOD> 
      <BILLTYPE>New Ref</BILLTYPE> 
      <AMOUNT>-21523.00</AMOUNT> 
    </BILLALLOCATIONS.LIST>
</ALLLEDGERENTRIES.LIST>
<ALLLEDGERENTRIES.LIST>
<LEDGERNAME>01</LEDGERNAME> 
<GSTCLASS /> 
<ISDEEMEDPOSITIVE>NO</ISDEEMEDPOSITIVE> 
<LEDGERFROMITEM>No</LEDGERFROMITEM> 
<REMOVEZEROENTRIES>No</REMOVEZEROENTRIES> 
<ISPARTYLEDGER>Yes</ISPARTYLEDGER> 
<AMOUNT>18239.00</AMOUNT> 
</ALLLEDGERENTRIES.LIST>
<ALLLEDGERENTRIES.LIST>
<LEDGERNAME>02</LEDGERNAME> 
<GSTCLASS /> 
<ISDEEMEDPOSITIVE>NO</ISDEEMEDPOSITIVE> 
<LEDGERFROMITEM>No</LEDGERFROMITEM> 
<REMOVEZEROENTRIES>No</REMOVEZEROENTRIES> 
<ISPARTYLEDGER>Yes</ISPARTYLEDGER> 
<AMOUNT>1642.00</AMOUNT> 
</ALLLEDGERENTRIES.LIST>
<ALLLEDGERENTRIES.LIST>
<LEDGERNAME>03</LEDGERNAME> 
<GSTCLASS /> 
<ISDEEMEDPOSITIVE>NO</ISDEEMEDPOSITIVE> 
<LEDGERFROMITEM>No</LEDGERFROMITEM> 
<REMOVEZEROENTRIES>No</REMOVEZEROENTRIES> 
<ISPARTYLEDGER>Yes</ISPARTYLEDGER> 
<AMOUNT>1642.00</AMOUNT> 
</ALLLEDGERENTRIES.LIST>
</VOUCHER>
</TALLYMESSAGE>
<TALLYMESSAGE xmlns:UDF="TallyUDF">
<VOUCHER REMOTEID="c4aab193-f0e4-4462-8e73-304da9931651-000026de" VCHTYPE="Sales" ACTION="Create">
<DATE>24/07/17</DATE>
<NARRATION>Auto on 19/08/17 Party : FERRI DIE CASTING WORKS.</NARRATION>
<VOUCHERTYPENAME>Sales</VOUCHERTYPENAME>
<VOUCHERNUMBER>024043</VOUCHERNUMBER>
<PARTYLEDGERNAME>FERRI DIE CASTING WORKS.</PARTYLEDGERNAME>
  <CSTFORMISSUETYPE /> 
  <CSTFORMRECVTYPE /> 
  <FBTPAYMENTTYPE>Default</FBTPAYMENTTYPE> 
  <VCHGSTCLASS /> 
  <DIFFACTUALQTY>No</DIFFACTUALQTY> 
  <AUDITED>No</AUDITED> 
  <FORJOBCOSTING>No</FORJOBCOSTING> 
  <ISOPTIONAL>NO</ISOPTIONAL> 
  <EFFECTIVEDATE>24/07/17</EFFECTIVEDATE> 
  <USEFORINTEREST>No</USEFORINTEREST> 
  <USEFORGAINLOSS>No</USEFORGAINLOSS> 
  <USEFORGODOWNTRANSFER>No</USEFORGODOWNTRANSFER> 
  <USEFORCOMPOUND>No</USEFORCOMPOUND> 
  <ALTERID></ALTERID> 
  <EXCISEOPENING>No</EXCISEOPENING> 
  <ISCANCELLED>NO</ISCANCELLED> 
  <HASCASHFLOW>No</HASCASHFLOW> 
  <ISPOSTDATED>NO</ISPOSTDATED> 
  <USETRACKINGNUMBER>NO</USETRACKINGNUMBER> 
  <ISINVOICE>No</ISINVOICE> 
  <MFGJOURNAL>No</MFGJOURNAL> 
  <HASDISCOUNTS>No</HASDISCOUNTS> 
  <ASPAYSLIP>No</ASPAYSLIP> 
  <ISDELETED>No</ISDELETED> 
  <ASORIGINAL>No</ASORIGINAL> 
<ALLLEDGERENTRIES.LIST>
<LEDGERNAME>FERRI DIE CASTING WORKS.</LEDGERNAME> 
<GSTCLASS /> 
<ISDEEMEDPOSITIVE>YES</ISDEEMEDPOSITIVE> 
<LEDGERFROMITEM>No</LEDGERFROMITEM> 
<REMOVEZEROENTRIES>No</REMOVEZEROENTRIES> 
<ISPARTYLEDGER>Yes</ISPARTYLEDGER> 
<AMOUNT>-3416.00</AMOUNT> 
    <BILLALLOCATIONS.LIST>
      <NAME>024043</NAME> 
      <BILLCREDITPERIOD>0Days</BILLCREDITPERIOD> 
      <BILLTYPE>New Ref</BILLTYPE> 
      <AMOUNT>-3416.00</AMOUNT> 
    </BILLALLOCATIONS.LIST>
</ALLLEDGERENTRIES.LIST>
<ALLLEDGERENTRIES.LIST>
<LEDGERNAME>01</LEDGERNAME> 
<GSTCLASS /> 
<ISDEEMEDPOSITIVE>NO</ISDEEMEDPOSITIVE> 
<LEDGERFROMITEM>No</LEDGERFROMITEM> 
<REMOVEZEROENTRIES>No</REMOVEZEROENTRIES> 
<ISPARTYLEDGER>Yes</ISPARTYLEDGER> 
<AMOUNT>2893.00</AMOUNT> 
</ALLLEDGERENTRIES.LIST>
<ALLLEDGERENTRIES.LIST>
<LEDGERNAME>02</LEDGERNAME> 
<GSTCLASS /> 
<ISDEEMEDPOSITIVE>NO</ISDEEMEDPOSITIVE> 
<LEDGERFROMITEM>No</LEDGERFROMITEM> 
<REMOVEZEROENTRIES>No</REMOVEZEROENTRIES> 
<ISPARTYLEDGER>Yes</ISPARTYLEDGER> 
<AMOUNT>261.00</AMOUNT> 
</ALLLEDGERENTRIES.LIST>
<ALLLEDGERENTRIES.LIST>
<LEDGERNAME>03</LEDGERNAME> 
<GSTCLASS /> 
<ISDEEMEDPOSITIVE>NO</ISDEEMEDPOSITIVE> 
<LEDGERFROMITEM>No</LEDGERFROMITEM> 
<REMOVEZEROENTRIES>No</REMOVEZEROENTRIES> 
<ISPARTYLEDGER>Yes</ISPARTYLEDGER> 
<AMOUNT>261.00</AMOUNT> 
</ALLLEDGERENTRIES.LIST>
<ALLLEDGERENTRIES.LIST>
<LEDGERNAME>Vatav Kasar</LEDGERNAME> 
<GSTCLASS /> 
<ISDEEMEDPOSITIVE>NO</ISDEEMEDPOSITIVE> 
<LEDGERFROMITEM>No</LEDGERFROMITEM> 
<REMOVEZEROENTRIES>No</REMOVEZEROENTRIES> 
<ISPARTYLEDGER>Yes</ISPARTYLEDGER> 
<AMOUNT>1.00</AMOUNT> 
</ALLLEDGERENTRIES.LIST>
</VOUCHER>
</TALLYMESSAGE>
<TALLYMESSAGE xmlns:UDF="TallyUDF">
<VOUCHER REMOTEID="c4aab193-f0e4-4462-8e73-304da9931651-000026de" VCHTYPE="Sales" ACTION="Create">
<DATE>25/07/17</DATE>
<NARRATION>Auto on 19/08/17 Party : PUKHRAJ ADDITIVES LLP.</NARRATION>
<VOUCHERTYPENAME>Sales</VOUCHERTYPENAME>
<VOUCHERNUMBER>024044</VOUCHERNUMBER>
<PARTYLEDGERNAME>PUKHRAJ ADDITIVES LLP.</PARTYLEDGERNAME>
  <CSTFORMISSUETYPE /> 
  <CSTFORMRECVTYPE /> 
  <FBTPAYMENTTYPE>Default</FBTPAYMENTTYPE> 
  <VCHGSTCLASS /> 
  <DIFFACTUALQTY>No</DIFFACTUALQTY> 
  <AUDITED>No</AUDITED> 
  <FORJOBCOSTING>No</FORJOBCOSTING> 
  <ISOPTIONAL>NO</ISOPTIONAL> 
  <EFFECTIVEDATE>25/07/17</EFFECTIVEDATE> 
  <USEFORINTEREST>No</USEFORINTEREST> 
  <USEFORGAINLOSS>No</USEFORGAINLOSS> 
  <USEFORGODOWNTRANSFER>No</USEFORGODOWNTRANSFER> 
  <USEFORCOMPOUND>No</USEFORCOMPOUND> 
  <ALTERID></ALTERID> 
  <EXCISEOPENING>No</EXCISEOPENING> 
  <ISCANCELLED>NO</ISCANCELLED> 
  <HASCASHFLOW>No</HASCASHFLOW> 
  <ISPOSTDATED>NO</ISPOSTDATED> 
  <USETRACKINGNUMBER>NO</USETRACKINGNUMBER> 
  <ISINVOICE>No</ISINVOICE> 
  <MFGJOURNAL>No</MFGJOURNAL> 
  <HASDISCOUNTS>No</HASDISCOUNTS> 
  <ASPAYSLIP>No</ASPAYSLIP> 
  <ISDELETED>No</ISDELETED> 
  <ASORIGINAL>No</ASORIGINAL> 
<ALLLEDGERENTRIES.LIST>
<LEDGERNAME>PUKHRAJ ADDITIVES LLP.</LEDGERNAME> 
<GSTCLASS /> 
<ISDEEMEDPOSITIVE>YES</ISDEEMEDPOSITIVE> 
<LEDGERFROMITEM>No</LEDGERFROMITEM> 
<REMOVEZEROENTRIES>No</REMOVEZEROENTRIES> 
<ISPARTYLEDGER>Yes</ISPARTYLEDGER> 
<AMOUNT>-50016.00</AMOUNT> 
    <BILLALLOCATIONS.LIST>
      <NAME>024044</NAME> 
      <BILLCREDITPERIOD>0Days</BILLCREDITPERIOD> 
      <BILLTYPE>New Ref</BILLTYPE> 
      <AMOUNT>-50016.00</AMOUNT> 
    </BILLALLOCATIONS.LIST>
</ALLLEDGERENTRIES.LIST>
<ALLLEDGERENTRIES.LIST>
<LEDGERNAME>01</LEDGERNAME> 
<GSTCLASS /> 
<ISDEEMEDPOSITIVE>NO</ISDEEMEDPOSITIVE> 
<LEDGERFROMITEM>No</LEDGERFROMITEM> 
<REMOVEZEROENTRIES>No</REMOVEZEROENTRIES> 
<ISPARTYLEDGER>Yes</ISPARTYLEDGER> 
<AMOUNT>42386.20</AMOUNT> 
</ALLLEDGERENTRIES.LIST>
<ALLLEDGERENTRIES.LIST>
<LEDGERNAME>02</LEDGERNAME> 
<GSTCLASS /> 
<ISDEEMEDPOSITIVE>NO</ISDEEMEDPOSITIVE> 
<LEDGERFROMITEM>No</LEDGERFROMITEM> 
<REMOVEZEROENTRIES>No</REMOVEZEROENTRIES> 
<ISPARTYLEDGER>Yes</ISPARTYLEDGER> 
<AMOUNT>3815.00</AMOUNT> 
</ALLLEDGERENTRIES.LIST>
<ALLLEDGERENTRIES.LIST>
<LEDGERNAME>03</LEDGERNAME> 
<GSTCLASS /> 
<ISDEEMEDPOSITIVE>NO</ISDEEMEDPOSITIVE> 
<LEDGERFROMITEM>No</LEDGERFROMITEM> 
<REMOVEZEROENTRIES>No</REMOVEZEROENTRIES> 
<ISPARTYLEDGER>Yes</ISPARTYLEDGER> 
<AMOUNT>3815.00</AMOUNT> 
</ALLLEDGERENTRIES.LIST>
<ALLLEDGERENTRIES.LIST>
<LEDGERNAME>Vatav Kasar</LEDGERNAME> 
<GSTCLASS /> 
<ISDEEMEDPOSITIVE>NO</ISDEEMEDPOSITIVE> 
<LEDGERFROMITEM>No</LEDGERFROMITEM> 
<REMOVEZEROENTRIES>No</REMOVEZEROENTRIES> 
<ISPARTYLEDGER>Yes</ISPARTYLEDGER> 
<AMOUNT>-0.20</AMOUNT> 
</ALLLEDGERENTRIES.LIST>
</VOUCHER>
</TALLYMESSAGE>
<TALLYMESSAGE xmlns:UDF="TallyUDF">
<VOUCHER REMOTEID="c4aab193-f0e4-4462-8e73-304da9931651-000026de" VCHTYPE="Sales" ACTION="Create">
<DATE>25/07/17</DATE>
<NARRATION>Auto on 19/08/17 Party : SIOSA ENTERPRISES</NARRATION>
<VOUCHERTYPENAME>Sales</VOUCHERTYPENAME>
<VOUCHERNUMBER>024045</VOUCHERNUMBER>
<PARTYLEDGERNAME>SIOSA ENTERPRISES</PARTYLEDGERNAME>
  <CSTFORMISSUETYPE /> 
  <CSTFORMRECVTYPE /> 
  <FBTPAYMENTTYPE>Default</FBTPAYMENTTYPE> 
  <VCHGSTCLASS /> 
  <DIFFACTUALQTY>No</DIFFACTUALQTY> 
  <AUDITED>No</AUDITED> 
  <FORJOBCOSTING>No</FORJOBCOSTING> 
  <ISOPTIONAL>NO</ISOPTIONAL> 
  <EFFECTIVEDATE>25/07/17</EFFECTIVEDATE> 
  <USEFORINTEREST>No</USEFORINTEREST> 
  <USEFORGAINLOSS>No</USEFORGAINLOSS> 
  <USEFORGODOWNTRANSFER>No</USEFORGODOWNTRANSFER> 
  <USEFORCOMPOUND>No</USEFORCOMPOUND> 
  <ALTERID></ALTERID> 
  <EXCISEOPENING>No</EXCISEOPENING> 
  <ISCANCELLED>NO</ISCANCELLED> 
  <HASCASHFLOW>No</HASCASHFLOW> 
  <ISPOSTDATED>NO</ISPOSTDATED> 
  <USETRACKINGNUMBER>NO</USETRACKINGNUMBER> 
  <ISINVOICE>No</ISINVOICE> 
  <MFGJOURNAL>No</MFGJOURNAL> 
  <HASDISCOUNTS>No</HASDISCOUNTS> 
  <ASPAYSLIP>No</ASPAYSLIP> 
  <ISDELETED>No</ISDELETED> 
  <ASORIGINAL>No</ASORIGINAL> 
<ALLLEDGERENTRIES.LIST>
<LEDGERNAME>SIOSA ENTERPRISES</LEDGERNAME> 
<GSTCLASS /> 
<ISDEEMEDPOSITIVE>YES</ISDEEMEDPOSITIVE> 
<LEDGERFROMITEM>No</LEDGERFROMITEM> 
<REMOVEZEROENTRIES>No</REMOVEZEROENTRIES> 
<ISPARTYLEDGER>Yes</ISPARTYLEDGER> 
<AMOUNT>-12123.00</AMOUNT> 
    <BILLALLOCATIONS.LIST>
      <NAME>024045</NAME> 
      <BILLCREDITPERIOD>0Days</BILLCREDITPERIOD> 
      <BILLTYPE>New Ref</BILLTYPE> 
      <AMOUNT>-12123.00</AMOUNT> 
    </BILLALLOCATIONS.LIST>
</ALLLEDGERENTRIES.LIST>
<ALLLEDGERENTRIES.LIST>
<LEDGERNAME>01</LEDGERNAME> 
<GSTCLASS /> 
<ISDEEMEDPOSITIVE>NO</ISDEEMEDPOSITIVE> 
<LEDGERFROMITEM>No</LEDGERFROMITEM> 
<REMOVEZEROENTRIES>No</REMOVEZEROENTRIES> 
<ISPARTYLEDGER>Yes</ISPARTYLEDGER> 
<AMOUNT>10273.20</AMOUNT> 
</ALLLEDGERENTRIES.LIST>
<ALLLEDGERENTRIES.LIST>
<LEDGERNAME>02</LEDGERNAME> 
<GSTCLASS /> 
<ISDEEMEDPOSITIVE>NO</ISDEEMEDPOSITIVE> 
<LEDGERFROMITEM>No</LEDGERFROMITEM> 
<REMOVEZEROENTRIES>No</REMOVEZEROENTRIES> 
<ISPARTYLEDGER>Yes</ISPARTYLEDGER> 
<AMOUNT>925.00</AMOUNT> 
</ALLLEDGERENTRIES.LIST>
<ALLLEDGERENTRIES.LIST>
<LEDGERNAME>03</LEDGERNAME> 
<GSTCLASS /> 
<ISDEEMEDPOSITIVE>NO</ISDEEMEDPOSITIVE> 
<LEDGERFROMITEM>No</LEDGERFROMITEM> 
<REMOVEZEROENTRIES>No</REMOVEZEROENTRIES> 
<ISPARTYLEDGER>Yes</ISPARTYLEDGER> 
<AMOUNT>925.00</AMOUNT> 
</ALLLEDGERENTRIES.LIST>
<ALLLEDGERENTRIES.LIST>
<LEDGERNAME>Vatav Kasar</LEDGERNAME> 
<GSTCLASS /> 
<ISDEEMEDPOSITIVE>NO</ISDEEMEDPOSITIVE> 
<LEDGERFROMITEM>No</LEDGERFROMITEM> 
<REMOVEZEROENTRIES>No</REMOVEZEROENTRIES> 
<ISPARTYLEDGER>Yes</ISPARTYLEDGER> 
<AMOUNT>-0.20</AMOUNT> 
</ALLLEDGERENTRIES.LIST>
</VOUCHER>
</TALLYMESSAGE>
<TALLYMESSAGE xmlns:UDF="TallyUDF">
<VOUCHER REMOTEID="c4aab193-f0e4-4462-8e73-304da9931651-000026de" VCHTYPE="Sales" ACTION="Create">
<DATE>25/07/17</DATE>
<NARRATION>Auto on 19/08/17 Party : ZENITH INDL.RUBBER PRODUCTS.</NARRATION>
<VOUCHERTYPENAME>Sales</VOUCHERTYPENAME>
<VOUCHERNUMBER>024046</VOUCHERNUMBER>
<PARTYLEDGERNAME>ZENITH INDL.RUBBER PRODUCTS.</PARTYLEDGERNAME>
  <CSTFORMISSUETYPE /> 
  <CSTFORMRECVTYPE /> 
  <FBTPAYMENTTYPE>Default</FBTPAYMENTTYPE> 
  <VCHGSTCLASS /> 
  <DIFFACTUALQTY>No</DIFFACTUALQTY> 
  <AUDITED>No</AUDITED> 
  <FORJOBCOSTING>No</FORJOBCOSTING> 
  <ISOPTIONAL>NO</ISOPTIONAL> 
  <EFFECTIVEDATE>25/07/17</EFFECTIVEDATE> 
  <USEFORINTEREST>No</USEFORINTEREST> 
  <USEFORGAINLOSS>No</USEFORGAINLOSS> 
  <USEFORGODOWNTRANSFER>No</USEFORGODOWNTRANSFER> 
  <USEFORCOMPOUND>No</USEFORCOMPOUND> 
  <ALTERID></ALTERID> 
  <EXCISEOPENING>No</EXCISEOPENING> 
  <ISCANCELLED>NO</ISCANCELLED> 
  <HASCASHFLOW>No</HASCASHFLOW> 
  <ISPOSTDATED>NO</ISPOSTDATED> 
  <USETRACKINGNUMBER>NO</USETRACKINGNUMBER> 
  <ISINVOICE>No</ISINVOICE> 
  <MFGJOURNAL>No</MFGJOURNAL> 
  <HASDISCOUNTS>No</HASDISCOUNTS> 
  <ASPAYSLIP>No</ASPAYSLIP> 
  <ISDELETED>No</ISDELETED> 
  <ASORIGINAL>No</ASORIGINAL> 
<ALLLEDGERENTRIES.LIST>
<LEDGERNAME>ZENITH INDL.RUBBER PRODUCTS.</LEDGERNAME> 
<GSTCLASS /> 
<ISDEEMEDPOSITIVE>YES</ISDEEMEDPOSITIVE> 
<LEDGERFROMITEM>No</LEDGERFROMITEM> 
<REMOVEZEROENTRIES>No</REMOVEZEROENTRIES> 
<ISPARTYLEDGER>Yes</ISPARTYLEDGER> 
<AMOUNT>-46476.00</AMOUNT> 
    <BILLALLOCATIONS.LIST>
      <NAME>024046</NAME> 
      <BILLCREDITPERIOD>0Days</BILLCREDITPERIOD> 
      <BILLTYPE>New Ref</BILLTYPE> 
      <AMOUNT>-46476.00</AMOUNT> 
    </BILLALLOCATIONS.LIST>
</ALLLEDGERENTRIES.LIST>
<ALLLEDGERENTRIES.LIST>
<LEDGERNAME>01</LEDGERNAME> 
<GSTCLASS /> 
<ISDEEMEDPOSITIVE>NO</ISDEEMEDPOSITIVE> 
<LEDGERFROMITEM>No</LEDGERFROMITEM> 
<REMOVEZEROENTRIES>No</REMOVEZEROENTRIES> 
<ISPARTYLEDGER>Yes</ISPARTYLEDGER> 
<AMOUNT>39386.00</AMOUNT> 
</ALLLEDGERENTRIES.LIST>
<ALLLEDGERENTRIES.LIST>
<LEDGERNAME>02</LEDGERNAME> 
<GSTCLASS /> 
<ISDEEMEDPOSITIVE>NO</ISDEEMEDPOSITIVE> 
<LEDGERFROMITEM>No</LEDGERFROMITEM> 
<REMOVEZEROENTRIES>No</REMOVEZEROENTRIES> 
<ISPARTYLEDGER>Yes</ISPARTYLEDGER> 
<AMOUNT>3545.00</AMOUNT> 
</ALLLEDGERENTRIES.LIST>
<ALLLEDGERENTRIES.LIST>
<LEDGERNAME>03</LEDGERNAME> 
<GSTCLASS /> 
<ISDEEMEDPOSITIVE>NO</ISDEEMEDPOSITIVE> 
<LEDGERFROMITEM>No</LEDGERFROMITEM> 
<REMOVEZEROENTRIES>No</REMOVEZEROENTRIES> 
<ISPARTYLEDGER>Yes</ISPARTYLEDGER> 
<AMOUNT>3545.00</AMOUNT> 
</ALLLEDGERENTRIES.LIST>
</VOUCHER>
</TALLYMESSAGE>
<TALLYMESSAGE xmlns:UDF="TallyUDF">
<VOUCHER REMOTEID="c4aab193-f0e4-4462-8e73-304da9931651-000026de" VCHTYPE="Sales" ACTION="Create">
<DATE>25/07/17</DATE>
<NARRATION>Auto on 19/08/17 Party : VARDHMAN AGENCIES.</NARRATION>
<VOUCHERTYPENAME>Sales</VOUCHERTYPENAME>
<VOUCHERNUMBER>024047</VOUCHERNUMBER>
<PARTYLEDGERNAME>VARDHMAN AGENCIES.</PARTYLEDGERNAME>
  <CSTFORMISSUETYPE /> 
  <CSTFORMRECVTYPE /> 
  <FBTPAYMENTTYPE>Default</FBTPAYMENTTYPE> 
  <VCHGSTCLASS /> 
  <DIFFACTUALQTY>No</DIFFACTUALQTY> 
  <AUDITED>No</AUDITED> 
  <FORJOBCOSTING>No</FORJOBCOSTING> 
  <ISOPTIONAL>NO</ISOPTIONAL> 
  <EFFECTIVEDATE>25/07/17</EFFECTIVEDATE> 
  <USEFORINTEREST>No</USEFORINTEREST> 
  <USEFORGAINLOSS>No</USEFORGAINLOSS> 
  <USEFORGODOWNTRANSFER>No</USEFORGODOWNTRANSFER> 
  <USEFORCOMPOUND>No</USEFORCOMPOUND> 
  <ALTERID></ALTERID> 
  <EXCISEOPENING>No</EXCISEOPENING> 
  <ISCANCELLED>NO</ISCANCELLED> 
  <HASCASHFLOW>No</HASCASHFLOW> 
  <ISPOSTDATED>NO</ISPOSTDATED> 
  <USETRACKINGNUMBER>NO</USETRACKINGNUMBER> 
  <ISINVOICE>No</ISINVOICE> 
  <MFGJOURNAL>No</MFGJOURNAL> 
  <HASDISCOUNTS>No</HASDISCOUNTS> 
  <ASPAYSLIP>No</ASPAYSLIP> 
  <ISDELETED>No</ISDELETED> 
  <ASORIGINAL>No</ASORIGINAL> 
<ALLLEDGERENTRIES.LIST>
<LEDGERNAME>VARDHMAN AGENCIES.</LEDGERNAME> 
<GSTCLASS /> 
<ISDEEMEDPOSITIVE>YES</ISDEEMEDPOSITIVE> 
<LEDGERFROMITEM>No</LEDGERFROMITEM> 
<REMOVEZEROENTRIES>No</REMOVEZEROENTRIES> 
<ISPARTYLEDGER>Yes</ISPARTYLEDGER> 
<AMOUNT>-4350.00</AMOUNT> 
    <BILLALLOCATIONS.LIST>
      <NAME>024047</NAME> 
      <BILLCREDITPERIOD>0Days</BILLCREDITPERIOD> 
      <BILLTYPE>New Ref</BILLTYPE> 
      <AMOUNT>-4350.00</AMOUNT> 
    </BILLALLOCATIONS.LIST>
</ALLLEDGERENTRIES.LIST>
<ALLLEDGERENTRIES.LIST>
<LEDGERNAME>01</LEDGERNAME> 
<GSTCLASS /> 
<ISDEEMEDPOSITIVE>NO</ISDEEMEDPOSITIVE> 
<LEDGERFROMITEM>No</LEDGERFROMITEM> 
<REMOVEZEROENTRIES>No</REMOVEZEROENTRIES> 
<ISPARTYLEDGER>Yes</ISPARTYLEDGER> 
<AMOUNT>3685.00</AMOUNT> 
</ALLLEDGERENTRIES.LIST>
<ALLLEDGERENTRIES.LIST>
<LEDGERNAME>02</LEDGERNAME> 
<GSTCLASS /> 
<ISDEEMEDPOSITIVE>NO</ISDEEMEDPOSITIVE> 
<LEDGERFROMITEM>No</LEDGERFROMITEM> 
<REMOVEZEROENTRIES>No</REMOVEZEROENTRIES> 
<ISPARTYLEDGER>Yes</ISPARTYLEDGER> 
<AMOUNT>332.00</AMOUNT> 
</ALLLEDGERENTRIES.LIST>
<ALLLEDGERENTRIES.LIST>
<LEDGERNAME>03</LEDGERNAME> 
<GSTCLASS /> 
<ISDEEMEDPOSITIVE>NO</ISDEEMEDPOSITIVE> 
<LEDGERFROMITEM>No</LEDGERFROMITEM> 
<REMOVEZEROENTRIES>No</REMOVEZEROENTRIES> 
<ISPARTYLEDGER>Yes</ISPARTYLEDGER> 
<AMOUNT>332.00</AMOUNT> 
</ALLLEDGERENTRIES.LIST>
<ALLLEDGERENTRIES.LIST>
<LEDGERNAME>Vatav Kasar</LEDGERNAME> 
<GSTCLASS /> 
<ISDEEMEDPOSITIVE>NO</ISDEEMEDPOSITIVE> 
<LEDGERFROMITEM>No</LEDGERFROMITEM> 
<REMOVEZEROENTRIES>No</REMOVEZEROENTRIES> 
<ISPARTYLEDGER>Yes</ISPARTYLEDGER> 
<AMOUNT>1.00</AMOUNT> 
</ALLLEDGERENTRIES.LIST>
</VOUCHER>
</TALLYMESSAGE>
<TALLYMESSAGE xmlns:UDF="TallyUDF">
<VOUCHER REMOTEID="c4aab193-f0e4-4462-8e73-304da9931651-000026de" VCHTYPE="Sales" ACTION="Create">
<DATE>26/07/17</DATE>
<NARRATION>Auto on 19/08/17 Party : JAYSHREE TRADERS.</NARRATION>
<VOUCHERTYPENAME>Sales</VOUCHERTYPENAME>
<VOUCHERNUMBER>024048</VOUCHERNUMBER>
<PARTYLEDGERNAME>JAYSHREE TRADERS.</PARTYLEDGERNAME>
  <CSTFORMISSUETYPE /> 
  <CSTFORMRECVTYPE /> 
  <FBTPAYMENTTYPE>Default</FBTPAYMENTTYPE> 
  <VCHGSTCLASS /> 
  <DIFFACTUALQTY>No</DIFFACTUALQTY> 
  <AUDITED>No</AUDITED> 
  <FORJOBCOSTING>No</FORJOBCOSTING> 
  <ISOPTIONAL>NO</ISOPTIONAL> 
  <EFFECTIVEDATE>26/07/17</EFFECTIVEDATE> 
  <USEFORINTEREST>No</USEFORINTEREST> 
  <USEFORGAINLOSS>No</USEFORGAINLOSS> 
  <USEFORGODOWNTRANSFER>No</USEFORGODOWNTRANSFER> 
  <USEFORCOMPOUND>No</USEFORCOMPOUND> 
  <ALTERID></ALTERID> 
  <EXCISEOPENING>No</EXCISEOPENING> 
  <ISCANCELLED>NO</ISCANCELLED> 
  <HASCASHFLOW>No</HASCASHFLOW> 
  <ISPOSTDATED>NO</ISPOSTDATED> 
  <USETRACKINGNUMBER>NO</USETRACKINGNUMBER> 
  <ISINVOICE>No</ISINVOICE> 
  <MFGJOURNAL>No</MFGJOURNAL> 
  <HASDISCOUNTS>No</HASDISCOUNTS> 
  <ASPAYSLIP>No</ASPAYSLIP> 
  <ISDELETED>No</ISDELETED> 
  <ASORIGINAL>No</ASORIGINAL> 
<ALLLEDGERENTRIES.LIST>
<LEDGERNAME>JAYSHREE TRADERS.</LEDGERNAME> 
<GSTCLASS /> 
<ISDEEMEDPOSITIVE>YES</ISDEEMEDPOSITIVE> 
<LEDGERFROMITEM>No</LEDGERFROMITEM> 
<REMOVEZEROENTRIES>No</REMOVEZEROENTRIES> 
<ISPARTYLEDGER>Yes</ISPARTYLEDGER> 
<AMOUNT>-3223.00</AMOUNT> 
    <BILLALLOCATIONS.LIST>
      <NAME>024048</NAME> 
      <BILLCREDITPERIOD>0Days</BILLCREDITPERIOD> 
      <BILLTYPE>New Ref</BILLTYPE> 
      <AMOUNT>-3223.00</AMOUNT> 
    </BILLALLOCATIONS.LIST>
</ALLLEDGERENTRIES.LIST>
<ALLLEDGERENTRIES.LIST>
<LEDGERNAME>01</LEDGERNAME> 
<GSTCLASS /> 
<ISDEEMEDPOSITIVE>NO</ISDEEMEDPOSITIVE> 
<LEDGERFROMITEM>No</LEDGERFROMITEM> 
<REMOVEZEROENTRIES>No</REMOVEZEROENTRIES> 
<ISPARTYLEDGER>Yes</ISPARTYLEDGER> 
<AMOUNT>2731.00</AMOUNT> 
</ALLLEDGERENTRIES.LIST>
<ALLLEDGERENTRIES.LIST>
<LEDGERNAME>02</LEDGERNAME> 
<GSTCLASS /> 
<ISDEEMEDPOSITIVE>NO</ISDEEMEDPOSITIVE> 
<LEDGERFROMITEM>No</LEDGERFROMITEM> 
<REMOVEZEROENTRIES>No</REMOVEZEROENTRIES> 
<ISPARTYLEDGER>Yes</ISPARTYLEDGER> 
<AMOUNT>246.00</AMOUNT> 
</ALLLEDGERENTRIES.LIST>
<ALLLEDGERENTRIES.LIST>
<LEDGERNAME>03</LEDGERNAME> 
<GSTCLASS /> 
<ISDEEMEDPOSITIVE>NO</ISDEEMEDPOSITIVE> 
<LEDGERFROMITEM>No</LEDGERFROMITEM> 
<REMOVEZEROENTRIES>No</REMOVEZEROENTRIES> 
<ISPARTYLEDGER>Yes</ISPARTYLEDGER> 
<AMOUNT>246.00</AMOUNT> 
</ALLLEDGERENTRIES.LIST>
</VOUCHER>
</TALLYMESSAGE>
<TALLYMESSAGE xmlns:UDF="TallyUDF">
<VOUCHER REMOTEID="c4aab193-f0e4-4462-8e73-304da9931651-000026de" VCHTYPE="Sales" ACTION="Create">
<DATE>27/07/17</DATE>
<NARRATION>Auto on 19/08/17 Party : PRECISION ELEC.INST.&amp; COMPANY.</NARRATION>
<VOUCHERTYPENAME>Sales</VOUCHERTYPENAME>
<VOUCHERNUMBER>024049</VOUCHERNUMBER>
<PARTYLEDGERNAME>PRECISION ELEC.INST.&amp; COMPANY.</PARTYLEDGERNAME>
  <CSTFORMISSUETYPE /> 
  <CSTFORMRECVTYPE /> 
  <FBTPAYMENTTYPE>Default</FBTPAYMENTTYPE> 
  <VCHGSTCLASS /> 
  <DIFFACTUALQTY>No</DIFFACTUALQTY> 
  <AUDITED>No</AUDITED> 
  <FORJOBCOSTING>No</FORJOBCOSTING> 
  <ISOPTIONAL>NO</ISOPTIONAL> 
  <EFFECTIVEDATE>27/07/17</EFFECTIVEDATE> 
  <USEFORINTEREST>No</USEFORINTEREST> 
  <USEFORGAINLOSS>No</USEFORGAINLOSS> 
  <USEFORGODOWNTRANSFER>No</USEFORGODOWNTRANSFER> 
  <USEFORCOMPOUND>No</USEFORCOMPOUND> 
  <ALTERID></ALTERID> 
  <EXCISEOPENING>No</EXCISEOPENING> 
  <ISCANCELLED>NO</ISCANCELLED> 
  <HASCASHFLOW>No</HASCASHFLOW> 
  <ISPOSTDATED>NO</ISPOSTDATED> 
  <USETRACKINGNUMBER>NO</USETRACKINGNUMBER> 
  <ISINVOICE>No</ISINVOICE> 
  <MFGJOURNAL>No</MFGJOURNAL> 
  <HASDISCOUNTS>No</HASDISCOUNTS> 
  <ASPAYSLIP>No</ASPAYSLIP> 
  <ISDELETED>No</ISDELETED> 
  <ASORIGINAL>No</ASORIGINAL> 
<ALLLEDGERENTRIES.LIST>
<LEDGERNAME>PRECISION ELEC.INST.&amp; COMPANY.</LEDGERNAME> 
<GSTCLASS /> 
<ISDEEMEDPOSITIVE>YES</ISDEEMEDPOSITIVE> 
<LEDGERFROMITEM>No</LEDGERFROMITEM> 
<REMOVEZEROENTRIES>No</REMOVEZEROENTRIES> 
<ISPARTYLEDGER>Yes</ISPARTYLEDGER> 
<AMOUNT>-4036.00</AMOUNT> 
    <BILLALLOCATIONS.LIST>
      <NAME>024049</NAME> 
      <BILLCREDITPERIOD>0Days</BILLCREDITPERIOD> 
      <BILLTYPE>New Ref</BILLTYPE> 
      <AMOUNT>-4036.00</AMOUNT> 
    </BILLALLOCATIONS.LIST>
</ALLLEDGERENTRIES.LIST>
<ALLLEDGERENTRIES.LIST>
<LEDGERNAME>01</LEDGERNAME> 
<GSTCLASS /> 
<ISDEEMEDPOSITIVE>NO</ISDEEMEDPOSITIVE> 
<LEDGERFROMITEM>No</LEDGERFROMITEM> 
<REMOVEZEROENTRIES>No</REMOVEZEROENTRIES> 
<ISPARTYLEDGER>Yes</ISPARTYLEDGER> 
<AMOUNT>3420.00</AMOUNT> 
</ALLLEDGERENTRIES.LIST>
<ALLLEDGERENTRIES.LIST>
<LEDGERNAME>02</LEDGERNAME> 
<GSTCLASS /> 
<ISDEEMEDPOSITIVE>NO</ISDEEMEDPOSITIVE> 
<LEDGERFROMITEM>No</LEDGERFROMITEM> 
<REMOVEZEROENTRIES>No</REMOVEZEROENTRIES> 
<ISPARTYLEDGER>Yes</ISPARTYLEDGER> 
<AMOUNT>308.00</AMOUNT> 
</ALLLEDGERENTRIES.LIST>
<ALLLEDGERENTRIES.LIST>
<LEDGERNAME>03</LEDGERNAME> 
<GSTCLASS /> 
<ISDEEMEDPOSITIVE>NO</ISDEEMEDPOSITIVE> 
<LEDGERFROMITEM>No</LEDGERFROMITEM> 
<REMOVEZEROENTRIES>No</REMOVEZEROENTRIES> 
<ISPARTYLEDGER>Yes</ISPARTYLEDGER> 
<AMOUNT>308.00</AMOUNT> 
</ALLLEDGERENTRIES.LIST>
</VOUCHER>
</TALLYMESSAGE>
<TALLYMESSAGE xmlns:UDF="TallyUDF">
<VOUCHER REMOTEID="c4aab193-f0e4-4462-8e73-304da9931651-000026de" VCHTYPE="Sales" ACTION="Create">
<DATE>28/07/17</DATE>
<NARRATION>Auto on 19/08/17 Party : SUREFLO TECHCON P.LTD.</NARRATION>
<VOUCHERTYPENAME>Sales</VOUCHERTYPENAME>
<VOUCHERNUMBER>024050</VOUCHERNUMBER>
<PARTYLEDGERNAME>SUREFLO TECHCON P.LTD.</PARTYLEDGERNAME>
  <CSTFORMISSUETYPE /> 
  <CSTFORMRECVTYPE /> 
  <FBTPAYMENTTYPE>Default</FBTPAYMENTTYPE> 
  <VCHGSTCLASS /> 
  <DIFFACTUALQTY>No</DIFFACTUALQTY> 
  <AUDITED>No</AUDITED> 
  <FORJOBCOSTING>No</FORJOBCOSTING> 
  <ISOPTIONAL>NO</ISOPTIONAL> 
  <EFFECTIVEDATE>28/07/17</EFFECTIVEDATE> 
  <USEFORINTEREST>No</USEFORINTEREST> 
  <USEFORGAINLOSS>No</USEFORGAINLOSS> 
  <USEFORGODOWNTRANSFER>No</USEFORGODOWNTRANSFER> 
  <USEFORCOMPOUND>No</USEFORCOMPOUND> 
  <ALTERID></ALTERID> 
  <EXCISEOPENING>No</EXCISEOPENING> 
  <ISCANCELLED>NO</ISCANCELLED> 
  <HASCASHFLOW>No</HASCASHFLOW> 
  <ISPOSTDATED>NO</ISPOSTDATED> 
  <USETRACKINGNUMBER>NO</USETRACKINGNUMBER> 
  <ISINVOICE>No</ISINVOICE> 
  <MFGJOURNAL>No</MFGJOURNAL> 
  <HASDISCOUNTS>No</HASDISCOUNTS> 
  <ASPAYSLIP>No</ASPAYSLIP> 
  <ISDELETED>No</ISDELETED> 
  <ASORIGINAL>No</ASORIGINAL> 
<ALLLEDGERENTRIES.LIST>
<LEDGERNAME>SUREFLO TECHCON P.LTD.</LEDGERNAME> 
<GSTCLASS /> 
<ISDEEMEDPOSITIVE>YES</ISDEEMEDPOSITIVE> 
<LEDGERFROMITEM>No</LEDGERFROMITEM> 
<REMOVEZEROENTRIES>No</REMOVEZEROENTRIES> 
<ISPARTYLEDGER>Yes</ISPARTYLEDGER> 
<AMOUNT>-27385.00</AMOUNT> 
    <BILLALLOCATIONS.LIST>
      <NAME>024050</NAME> 
      <BILLCREDITPERIOD>0Days</BILLCREDITPERIOD> 
      <BILLTYPE>New Ref</BILLTYPE> 
      <AMOUNT>-27385.00</AMOUNT> 
    </BILLALLOCATIONS.LIST>
</ALLLEDGERENTRIES.LIST>
<ALLLEDGERENTRIES.LIST>
<LEDGERNAME>01</LEDGERNAME> 
<GSTCLASS /> 
<ISDEEMEDPOSITIVE>NO</ISDEEMEDPOSITIVE> 
<LEDGERFROMITEM>No</LEDGERFROMITEM> 
<REMOVEZEROENTRIES>No</REMOVEZEROENTRIES> 
<ISPARTYLEDGER>Yes</ISPARTYLEDGER> 
<AMOUNT>23208.00</AMOUNT> 
</ALLLEDGERENTRIES.LIST>
<ALLLEDGERENTRIES.LIST>
<LEDGERNAME>04</LEDGERNAME> 
<GSTCLASS /> 
<ISDEEMEDPOSITIVE>NO</ISDEEMEDPOSITIVE> 
<LEDGERFROMITEM>No</LEDGERFROMITEM> 
<REMOVEZEROENTRIES>No</REMOVEZEROENTRIES> 
<ISPARTYLEDGER>Yes</ISPARTYLEDGER> 
<AMOUNT>4177.00</AMOUNT> 
</ALLLEDGERENTRIES.LIST>
</VOUCHER>
</TALLYMESSAGE>
<TALLYMESSAGE xmlns:UDF="TallyUDF">
<VOUCHER REMOTEID="c4aab193-f0e4-4462-8e73-304da9931651-000026de" VCHTYPE="Sales" ACTION="Create">
<DATE>28/07/17</DATE>
<NARRATION>Auto on 19/08/17 Party : SWASTIK ENTERPRISES.</NARRATION>
<VOUCHERTYPENAME>Sales</VOUCHERTYPENAME>
<VOUCHERNUMBER>024051</VOUCHERNUMBER>
<PARTYLEDGERNAME>SWASTIK ENTERPRISES.</PARTYLEDGERNAME>
  <CSTFORMISSUETYPE /> 
  <CSTFORMRECVTYPE /> 
  <FBTPAYMENTTYPE>Default</FBTPAYMENTTYPE> 
  <VCHGSTCLASS /> 
  <DIFFACTUALQTY>No</DIFFACTUALQTY> 
  <AUDITED>No</AUDITED> 
  <FORJOBCOSTING>No</FORJOBCOSTING> 
  <ISOPTIONAL>NO</ISOPTIONAL> 
  <EFFECTIVEDATE>28/07/17</EFFECTIVEDATE> 
  <USEFORINTEREST>No</USEFORINTEREST> 
  <USEFORGAINLOSS>No</USEFORGAINLOSS> 
  <USEFORGODOWNTRANSFER>No</USEFORGODOWNTRANSFER> 
  <USEFORCOMPOUND>No</USEFORCOMPOUND> 
  <ALTERID></ALTERID> 
  <EXCISEOPENING>No</EXCISEOPENING> 
  <ISCANCELLED>NO</ISCANCELLED> 
  <HASCASHFLOW>No</HASCASHFLOW> 
  <ISPOSTDATED>NO</ISPOSTDATED> 
  <USETRACKINGNUMBER>NO</USETRACKINGNUMBER> 
  <ISINVOICE>No</ISINVOICE> 
  <MFGJOURNAL>No</MFGJOURNAL> 
  <HASDISCOUNTS>No</HASDISCOUNTS> 
  <ASPAYSLIP>No</ASPAYSLIP> 
  <ISDELETED>No</ISDELETED> 
  <ASORIGINAL>No</ASORIGINAL> 
<ALLLEDGERENTRIES.LIST>
<LEDGERNAME>SWASTIK ENTERPRISES.</LEDGERNAME> 
<GSTCLASS /> 
<ISDEEMEDPOSITIVE>YES</ISDEEMEDPOSITIVE> 
<LEDGERFROMITEM>No</LEDGERFROMITEM> 
<REMOVEZEROENTRIES>No</REMOVEZEROENTRIES> 
<ISPARTYLEDGER>Yes</ISPARTYLEDGER> 
<AMOUNT>-1357.00</AMOUNT> 
    <BILLALLOCATIONS.LIST>
      <NAME>024051</NAME> 
      <BILLCREDITPERIOD>0Days</BILLCREDITPERIOD> 
      <BILLTYPE>New Ref</BILLTYPE> 
      <AMOUNT>-1357.00</AMOUNT> 
    </BILLALLOCATIONS.LIST>
</ALLLEDGERENTRIES.LIST>
<ALLLEDGERENTRIES.LIST>
<LEDGERNAME>01</LEDGERNAME> 
<GSTCLASS /> 
<ISDEEMEDPOSITIVE>NO</ISDEEMEDPOSITIVE> 
<LEDGERFROMITEM>No</LEDGERFROMITEM> 
<REMOVEZEROENTRIES>No</REMOVEZEROENTRIES> 
<ISPARTYLEDGER>Yes</ISPARTYLEDGER> 
<AMOUNT>1149.00</AMOUNT> 
</ALLLEDGERENTRIES.LIST>
<ALLLEDGERENTRIES.LIST>
<LEDGERNAME>02</LEDGERNAME> 
<GSTCLASS /> 
<ISDEEMEDPOSITIVE>NO</ISDEEMEDPOSITIVE> 
<LEDGERFROMITEM>No</LEDGERFROMITEM> 
<REMOVEZEROENTRIES>No</REMOVEZEROENTRIES> 
<ISPARTYLEDGER>Yes</ISPARTYLEDGER> 
<AMOUNT>104.00</AMOUNT> 
</ALLLEDGERENTRIES.LIST>
<ALLLEDGERENTRIES.LIST>
<LEDGERNAME>03</LEDGERNAME> 
<GSTCLASS /> 
<ISDEEMEDPOSITIVE>NO</ISDEEMEDPOSITIVE> 
<LEDGERFROMITEM>No</LEDGERFROMITEM> 
<REMOVEZEROENTRIES>No</REMOVEZEROENTRIES> 
<ISPARTYLEDGER>Yes</ISPARTYLEDGER> 
<AMOUNT>104.00</AMOUNT> 
</ALLLEDGERENTRIES.LIST>
</VOUCHER>
</TALLYMESSAGE>
<TALLYMESSAGE xmlns:UDF="TallyUDF">
<VOUCHER REMOTEID="c4aab193-f0e4-4462-8e73-304da9931651-000026de" VCHTYPE="Sales" ACTION="Create">
<DATE>29/07/17</DATE>
<NARRATION>Auto on 19/08/17 Party : RAJ ENTERPRISES.</NARRATION>
<VOUCHERTYPENAME>Sales</VOUCHERTYPENAME>
<VOUCHERNUMBER>024052</VOUCHERNUMBER>
<PARTYLEDGERNAME>RAJ ENTERPRISES.</PARTYLEDGERNAME>
  <CSTFORMISSUETYPE /> 
  <CSTFORMRECVTYPE /> 
  <FBTPAYMENTTYPE>Default</FBTPAYMENTTYPE> 
  <VCHGSTCLASS /> 
  <DIFFACTUALQTY>No</DIFFACTUALQTY> 
  <AUDITED>No</AUDITED> 
  <FORJOBCOSTING>No</FORJOBCOSTING> 
  <ISOPTIONAL>NO</ISOPTIONAL> 
  <EFFECTIVEDATE>29/07/17</EFFECTIVEDATE> 
  <USEFORINTEREST>No</USEFORINTEREST> 
  <USEFORGAINLOSS>No</USEFORGAINLOSS> 
  <USEFORGODOWNTRANSFER>No</USEFORGODOWNTRANSFER> 
  <USEFORCOMPOUND>No</USEFORCOMPOUND> 
  <ALTERID></ALTERID> 
  <EXCISEOPENING>No</EXCISEOPENING> 
  <ISCANCELLED>NO</ISCANCELLED> 
  <HASCASHFLOW>No</HASCASHFLOW> 
  <ISPOSTDATED>NO</ISPOSTDATED> 
  <USETRACKINGNUMBER>NO</USETRACKINGNUMBER> 
  <ISINVOICE>No</ISINVOICE> 
  <MFGJOURNAL>No</MFGJOURNAL> 
  <HASDISCOUNTS>No</HASDISCOUNTS> 
  <ASPAYSLIP>No</ASPAYSLIP> 
  <ISDELETED>No</ISDELETED> 
  <ASORIGINAL>No</ASORIGINAL> 
<ALLLEDGERENTRIES.LIST>
<LEDGERNAME>RAJ ENTERPRISES.</LEDGERNAME> 
<GSTCLASS /> 
<ISDEEMEDPOSITIVE>YES</ISDEEMEDPOSITIVE> 
<LEDGERFROMITEM>No</LEDGERFROMITEM> 
<REMOVEZEROENTRIES>No</REMOVEZEROENTRIES> 
<ISPARTYLEDGER>Yes</ISPARTYLEDGER> 
<AMOUNT>-32209.00</AMOUNT> 
    <BILLALLOCATIONS.LIST>
      <NAME>024052</NAME> 
      <BILLCREDITPERIOD>0Days</BILLCREDITPERIOD> 
      <BILLTYPE>New Ref</BILLTYPE> 
      <AMOUNT>-32209.00</AMOUNT> 
    </BILLALLOCATIONS.LIST>
</ALLLEDGERENTRIES.LIST>
<ALLLEDGERENTRIES.LIST>
<LEDGERNAME>01</LEDGERNAME> 
<GSTCLASS /> 
<ISDEEMEDPOSITIVE>NO</ISDEEMEDPOSITIVE> 
<LEDGERFROMITEM>No</LEDGERFROMITEM> 
<REMOVEZEROENTRIES>No</REMOVEZEROENTRIES> 
<ISPARTYLEDGER>Yes</ISPARTYLEDGER> 
<AMOUNT>27294.00</AMOUNT> 
</ALLLEDGERENTRIES.LIST>
<ALLLEDGERENTRIES.LIST>
<LEDGERNAME>02</LEDGERNAME> 
<GSTCLASS /> 
<ISDEEMEDPOSITIVE>NO</ISDEEMEDPOSITIVE> 
<LEDGERFROMITEM>No</LEDGERFROMITEM> 
<REMOVEZEROENTRIES>No</REMOVEZEROENTRIES> 
<ISPARTYLEDGER>Yes</ISPARTYLEDGER> 
<AMOUNT>2457.00</AMOUNT> 
</ALLLEDGERENTRIES.LIST>
<ALLLEDGERENTRIES.LIST>
<LEDGERNAME>03</LEDGERNAME> 
<GSTCLASS /> 
<ISDEEMEDPOSITIVE>NO</ISDEEMEDPOSITIVE> 
<LEDGERFROMITEM>No</LEDGERFROMITEM> 
<REMOVEZEROENTRIES>No</REMOVEZEROENTRIES> 
<ISPARTYLEDGER>Yes</ISPARTYLEDGER> 
<AMOUNT>2457.00</AMOUNT> 
</ALLLEDGERENTRIES.LIST>
<ALLLEDGERENTRIES.LIST>
<LEDGERNAME>Vatav Kasar</LEDGERNAME> 
<GSTCLASS /> 
<ISDEEMEDPOSITIVE>NO</ISDEEMEDPOSITIVE> 
<LEDGERFROMITEM>No</LEDGERFROMITEM> 
<REMOVEZEROENTRIES>No</REMOVEZEROENTRIES> 
<ISPARTYLEDGER>Yes</ISPARTYLEDGER> 
<AMOUNT>1.00</AMOUNT> 
</ALLLEDGERENTRIES.LIST>
</VOUCHER>
</TALLYMESSAGE>
<TALLYMESSAGE xmlns:UDF="TallyUDF">
<VOUCHER REMOTEID="c4aab193-f0e4-4462-8e73-304da9931651-000026de" VCHTYPE="Sales" ACTION="Create">
<DATE>31/07/17</DATE>
<NARRATION>Auto on 19/08/17 Party : FORMOKEMS (INDIA) CORP.</NARRATION>
<VOUCHERTYPENAME>Sales</VOUCHERTYPENAME>
<VOUCHERNUMBER>024053</VOUCHERNUMBER>
<PARTYLEDGERNAME>FORMOKEMS (INDIA) CORP.</PARTYLEDGERNAME>
  <CSTFORMISSUETYPE /> 
  <CSTFORMRECVTYPE /> 
  <FBTPAYMENTTYPE>Default</FBTPAYMENTTYPE> 
  <VCHGSTCLASS /> 
  <DIFFACTUALQTY>No</DIFFACTUALQTY> 
  <AUDITED>No</AUDITED> 
  <FORJOBCOSTING>No</FORJOBCOSTING> 
  <ISOPTIONAL>NO</ISOPTIONAL> 
  <EFFECTIVEDATE>31/07/17</EFFECTIVEDATE> 
  <USEFORINTEREST>No</USEFORINTEREST> 
  <USEFORGAINLOSS>No</USEFORGAINLOSS> 
  <USEFORGODOWNTRANSFER>No</USEFORGODOWNTRANSFER> 
  <USEFORCOMPOUND>No</USEFORCOMPOUND> 
  <ALTERID></ALTERID> 
  <EXCISEOPENING>No</EXCISEOPENING> 
  <ISCANCELLED>NO</ISCANCELLED> 
  <HASCASHFLOW>No</HASCASHFLOW> 
  <ISPOSTDATED>NO</ISPOSTDATED> 
  <USETRACKINGNUMBER>NO</USETRACKINGNUMBER> 
  <ISINVOICE>No</ISINVOICE> 
  <MFGJOURNAL>No</MFGJOURNAL> 
  <HASDISCOUNTS>No</HASDISCOUNTS> 
  <ASPAYSLIP>No</ASPAYSLIP> 
  <ISDELETED>No</ISDELETED> 
  <ASORIGINAL>No</ASORIGINAL> 
<ALLLEDGERENTRIES.LIST>
<LEDGERNAME>FORMOKEMS (INDIA) CORP.</LEDGERNAME> 
<GSTCLASS /> 
<ISDEEMEDPOSITIVE>YES</ISDEEMEDPOSITIVE> 
<LEDGERFROMITEM>No</LEDGERFROMITEM> 
<REMOVEZEROENTRIES>No</REMOVEZEROENTRIES> 
<ISPARTYLEDGER>Yes</ISPARTYLEDGER> 
<AMOUNT>-19918.00</AMOUNT> 
    <BILLALLOCATIONS.LIST>
      <NAME>024053</NAME> 
      <BILLCREDITPERIOD>0Days</BILLCREDITPERIOD> 
      <BILLTYPE>New Ref</BILLTYPE> 
      <AMOUNT>-19918.00</AMOUNT> 
    </BILLALLOCATIONS.LIST>
</ALLLEDGERENTRIES.LIST>
<ALLLEDGERENTRIES.LIST>
<LEDGERNAME>01</LEDGERNAME> 
<GSTCLASS /> 
<ISDEEMEDPOSITIVE>NO</ISDEEMEDPOSITIVE> 
<LEDGERFROMITEM>No</LEDGERFROMITEM> 
<REMOVEZEROENTRIES>No</REMOVEZEROENTRIES> 
<ISPARTYLEDGER>Yes</ISPARTYLEDGER> 
<AMOUNT>16880.00</AMOUNT> 
</ALLLEDGERENTRIES.LIST>
<ALLLEDGERENTRIES.LIST>
<LEDGERNAME>02</LEDGERNAME> 
<GSTCLASS /> 
<ISDEEMEDPOSITIVE>NO</ISDEEMEDPOSITIVE> 
<LEDGERFROMITEM>No</LEDGERFROMITEM> 
<REMOVEZEROENTRIES>No</REMOVEZEROENTRIES> 
<ISPARTYLEDGER>Yes</ISPARTYLEDGER> 
<AMOUNT>1519.00</AMOUNT> 
</ALLLEDGERENTRIES.LIST>
<ALLLEDGERENTRIES.LIST>
<LEDGERNAME>03</LEDGERNAME> 
<GSTCLASS /> 
<ISDEEMEDPOSITIVE>NO</ISDEEMEDPOSITIVE> 
<LEDGERFROMITEM>No</LEDGERFROMITEM> 
<REMOVEZEROENTRIES>No</REMOVEZEROENTRIES> 
<ISPARTYLEDGER>Yes</ISPARTYLEDGER> 
<AMOUNT>1519.00</AMOUNT> 
</ALLLEDGERENTRIES.LIST>
</VOUCHER>
</TALLYMESSAGE>
<TALLYMESSAGE xmlns:UDF="TallyUDF">
<VOUCHER REMOTEID="c4aab193-f0e4-4462-8e73-304da9931651-000026de" VCHTYPE="Sales" ACTION="Create">
<DATE>31/07/17</DATE>
<NARRATION>Auto on 19/08/17 Party : SANTOSH RUBBER MACHINERY P LTD</NARRATION>
<VOUCHERTYPENAME>Sales</VOUCHERTYPENAME>
<VOUCHERNUMBER>024054</VOUCHERNUMBER>
<PARTYLEDGERNAME>SANTOSH RUBBER MACHINERY P LTD</PARTYLEDGERNAME>
  <CSTFORMISSUETYPE /> 
  <CSTFORMRECVTYPE /> 
  <FBTPAYMENTTYPE>Default</FBTPAYMENTTYPE> 
  <VCHGSTCLASS /> 
  <DIFFACTUALQTY>No</DIFFACTUALQTY> 
  <AUDITED>No</AUDITED> 
  <FORJOBCOSTING>No</FORJOBCOSTING> 
  <ISOPTIONAL>NO</ISOPTIONAL> 
  <EFFECTIVEDATE>31/07/17</EFFECTIVEDATE> 
  <USEFORINTEREST>No</USEFORINTEREST> 
  <USEFORGAINLOSS>No</USEFORGAINLOSS> 
  <USEFORGODOWNTRANSFER>No</USEFORGODOWNTRANSFER> 
  <USEFORCOMPOUND>No</USEFORCOMPOUND> 
  <ALTERID></ALTERID> 
  <EXCISEOPENING>No</EXCISEOPENING> 
  <ISCANCELLED>NO</ISCANCELLED> 
  <HASCASHFLOW>No</HASCASHFLOW> 
  <ISPOSTDATED>NO</ISPOSTDATED> 
  <USETRACKINGNUMBER>NO</USETRACKINGNUMBER> 
  <ISINVOICE>No</ISINVOICE> 
  <MFGJOURNAL>No</MFGJOURNAL> 
  <HASDISCOUNTS>No</HASDISCOUNTS> 
  <ASPAYSLIP>No</ASPAYSLIP> 
  <ISDELETED>No</ISDELETED> 
  <ASORIGINAL>No</ASORIGINAL> 
<ALLLEDGERENTRIES.LIST>
<LEDGERNAME>SANTOSH RUBBER MACHINERY P LTD</LEDGERNAME> 
<GSTCLASS /> 
<ISDEEMEDPOSITIVE>YES</ISDEEMEDPOSITIVE> 
<LEDGERFROMITEM>No</LEDGERFROMITEM> 
<REMOVEZEROENTRIES>No</REMOVEZEROENTRIES> 
<ISPARTYLEDGER>Yes</ISPARTYLEDGER> 
<AMOUNT>-9806.00</AMOUNT> 
    <BILLALLOCATIONS.LIST>
      <NAME>024054</NAME> 
      <BILLCREDITPERIOD>0Days</BILLCREDITPERIOD> 
      <BILLTYPE>New Ref</BILLTYPE> 
      <AMOUNT>-9806.00</AMOUNT> 
    </BILLALLOCATIONS.LIST>
</ALLLEDGERENTRIES.LIST>
<ALLLEDGERENTRIES.LIST>
<LEDGERNAME>01</LEDGERNAME> 
<GSTCLASS /> 
<ISDEEMEDPOSITIVE>NO</ISDEEMEDPOSITIVE> 
<LEDGERFROMITEM>No</LEDGERFROMITEM> 
<REMOVEZEROENTRIES>No</REMOVEZEROENTRIES> 
<ISPARTYLEDGER>Yes</ISPARTYLEDGER> 
<AMOUNT>8310.00</AMOUNT> 
</ALLLEDGERENTRIES.LIST>
<ALLLEDGERENTRIES.LIST>
<LEDGERNAME>02</LEDGERNAME> 
<GSTCLASS /> 
<ISDEEMEDPOSITIVE>NO</ISDEEMEDPOSITIVE> 
<LEDGERFROMITEM>No</LEDGERFROMITEM> 
<REMOVEZEROENTRIES>No</REMOVEZEROENTRIES> 
<ISPARTYLEDGER>Yes</ISPARTYLEDGER> 
<AMOUNT>748.00</AMOUNT> 
</ALLLEDGERENTRIES.LIST>
<ALLLEDGERENTRIES.LIST>
<LEDGERNAME>03</LEDGERNAME> 
<GSTCLASS /> 
<ISDEEMEDPOSITIVE>NO</ISDEEMEDPOSITIVE> 
<LEDGERFROMITEM>No</LEDGERFROMITEM> 
<REMOVEZEROENTRIES>No</REMOVEZEROENTRIES> 
<ISPARTYLEDGER>Yes</ISPARTYLEDGER> 
<AMOUNT>748.00</AMOUNT> 
</ALLLEDGERENTRIES.LIST>
</VOUCHER>
</TALLYMESSAGE>
<TALLYMESSAGE xmlns:UDF="TallyUDF">
<VOUCHER REMOTEID="c4aab193-f0e4-4462-8e73-304da9931651-000026de" VCHTYPE="Sales" ACTION="Create">
<DATE>31/07/17</DATE>
<NARRATION>Auto on 19/08/17 Party : KAMLESH CORPORATION</NARRATION>
<VOUCHERTYPENAME>Sales</VOUCHERTYPENAME>
<VOUCHERNUMBER>024055</VOUCHERNUMBER>
<PARTYLEDGERNAME>KAMLESH CORPORATION</PARTYLEDGERNAME>
  <CSTFORMISSUETYPE /> 
  <CSTFORMRECVTYPE /> 
  <FBTPAYMENTTYPE>Default</FBTPAYMENTTYPE> 
  <VCHGSTCLASS /> 
  <DIFFACTUALQTY>No</DIFFACTUALQTY> 
  <AUDITED>No</AUDITED> 
  <FORJOBCOSTING>No</FORJOBCOSTING> 
  <ISOPTIONAL>NO</ISOPTIONAL> 
  <EFFECTIVEDATE>31/07/17</EFFECTIVEDATE> 
  <USEFORINTEREST>No</USEFORINTEREST> 
  <USEFORGAINLOSS>No</USEFORGAINLOSS> 
  <USEFORGODOWNTRANSFER>No</USEFORGODOWNTRANSFER> 
  <USEFORCOMPOUND>No</USEFORCOMPOUND> 
  <ALTERID></ALTERID> 
  <EXCISEOPENING>No</EXCISEOPENING> 
  <ISCANCELLED>NO</ISCANCELLED> 
  <HASCASHFLOW>No</HASCASHFLOW> 
  <ISPOSTDATED>NO</ISPOSTDATED> 
  <USETRACKINGNUMBER>NO</USETRACKINGNUMBER> 
  <ISINVOICE>No</ISINVOICE> 
  <MFGJOURNAL>No</MFGJOURNAL> 
  <HASDISCOUNTS>No</HASDISCOUNTS> 
  <ASPAYSLIP>No</ASPAYSLIP> 
  <ISDELETED>No</ISDELETED> 
  <ASORIGINAL>No</ASORIGINAL> 
<ALLLEDGERENTRIES.LIST>
<LEDGERNAME>KAMLESH CORPORATION</LEDGERNAME> 
<GSTCLASS /> 
<ISDEEMEDPOSITIVE>YES</ISDEEMEDPOSITIVE> 
<LEDGERFROMITEM>No</LEDGERFROMITEM> 
<REMOVEZEROENTRIES>No</REMOVEZEROENTRIES> 
<ISPARTYLEDGER>Yes</ISPARTYLEDGER> 
<AMOUNT>-508.00</AMOUNT> 
    <BILLALLOCATIONS.LIST>
      <NAME>024055</NAME> 
      <BILLCREDITPERIOD>0Days</BILLCREDITPERIOD> 
      <BILLTYPE>New Ref</BILLTYPE> 
      <AMOUNT>-508.00</AMOUNT> 
    </BILLALLOCATIONS.LIST>
</ALLLEDGERENTRIES.LIST>
<ALLLEDGERENTRIES.LIST>
<LEDGERNAME>01</LEDGERNAME> 
<GSTCLASS /> 
<ISDEEMEDPOSITIVE>NO</ISDEEMEDPOSITIVE> 
<LEDGERFROMITEM>No</LEDGERFROMITEM> 
<REMOVEZEROENTRIES>No</REMOVEZEROENTRIES> 
<ISPARTYLEDGER>Yes</ISPARTYLEDGER> 
<AMOUNT>430.00</AMOUNT> 
</ALLLEDGERENTRIES.LIST>
<ALLLEDGERENTRIES.LIST>
<LEDGERNAME>02</LEDGERNAME> 
<GSTCLASS /> 
<ISDEEMEDPOSITIVE>NO</ISDEEMEDPOSITIVE> 
<LEDGERFROMITEM>No</LEDGERFROMITEM> 
<REMOVEZEROENTRIES>No</REMOVEZEROENTRIES> 
<ISPARTYLEDGER>Yes</ISPARTYLEDGER> 
<AMOUNT>39.00</AMOUNT> 
</ALLLEDGERENTRIES.LIST>
<ALLLEDGERENTRIES.LIST>
<LEDGERNAME>03</LEDGERNAME> 
<GSTCLASS /> 
<ISDEEMEDPOSITIVE>NO</ISDEEMEDPOSITIVE> 
<LEDGERFROMITEM>No</LEDGERFROMITEM> 
<REMOVEZEROENTRIES>No</REMOVEZEROENTRIES> 
<ISPARTYLEDGER>Yes</ISPARTYLEDGER> 
<AMOUNT>39.00</AMOUNT> 
</ALLLEDGERENTRIES.LIST>
</VOUCHER>
</TALLYMESSAGE>
<TALLYMESSAGE xmlns:UDF="TallyUDF">
<VOUCHER REMOTEID="c4aab193-f0e4-4462-8e73-304da9931651-000026de" VCHTYPE="Sales" ACTION="Create">
<DATE>20/07/17</DATE>
<NARRATION>Auto on 19/08/17 Party : SANJAY ENTERPRISES.</NARRATION>
<VOUCHERTYPENAME>Sales</VOUCHERTYPENAME>
<VOUCHERNUMBER>012001</VOUCHERNUMBER>
<PARTYLEDGERNAME>SANJAY ENTERPRISES.</PARTYLEDGERNAME>
  <CSTFORMISSUETYPE /> 
  <CSTFORMRECVTYPE /> 
  <FBTPAYMENTTYPE>Default</FBTPAYMENTTYPE> 
  <VCHGSTCLASS /> 
  <DIFFACTUALQTY>No</DIFFACTUALQTY> 
  <AUDITED>No</AUDITED> 
  <FORJOBCOSTING>No</FORJOBCOSTING> 
  <ISOPTIONAL>NO</ISOPTIONAL> 
  <EFFECTIVEDATE>20/07/17</EFFECTIVEDATE> 
  <USEFORINTEREST>No</USEFORINTEREST> 
  <USEFORGAINLOSS>No</USEFORGAINLOSS> 
  <USEFORGODOWNTRANSFER>No</USEFORGODOWNTRANSFER> 
  <USEFORCOMPOUND>No</USEFORCOMPOUND> 
  <ALTERID></ALTERID> 
  <EXCISEOPENING>No</EXCISEOPENING> 
  <ISCANCELLED>NO</ISCANCELLED> 
  <HASCASHFLOW>No</HASCASHFLOW> 
  <ISPOSTDATED>NO</ISPOSTDATED> 
  <USETRACKINGNUMBER>NO</USETRACKINGNUMBER> 
  <ISINVOICE>No</ISINVOICE> 
  <MFGJOURNAL>No</MFGJOURNAL> 
  <HASDISCOUNTS>No</HASDISCOUNTS> 
  <ASPAYSLIP>No</ASPAYSLIP> 
  <ISDELETED>No</ISDELETED> 
  <ASORIGINAL>No</ASORIGINAL> 
<ALLLEDGERENTRIES.LIST>
<LEDGERNAME>SANJAY ENTERPRISES.</LEDGERNAME> 
<GSTCLASS /> 
<ISDEEMEDPOSITIVE>YES</ISDEEMEDPOSITIVE> 
<LEDGERFROMITEM>No</LEDGERFROMITEM> 
<REMOVEZEROENTRIES>No</REMOVEZEROENTRIES> 
<ISPARTYLEDGER>Yes</ISPARTYLEDGER> 
<AMOUNT>-1855.00</AMOUNT> 
    <BILLALLOCATIONS.LIST>
      <NAME>012001</NAME> 
      <BILLCREDITPERIOD>0Days</BILLCREDITPERIOD> 
      <BILLTYPE>New Ref</BILLTYPE> 
      <AMOUNT>-1855.00</AMOUNT> 
    </BILLALLOCATIONS.LIST>
</ALLLEDGERENTRIES.LIST>
<ALLLEDGERENTRIES.LIST>
<LEDGERNAME>01</LEDGERNAME> 
<GSTCLASS /> 
<ISDEEMEDPOSITIVE>NO</ISDEEMEDPOSITIVE> 
<LEDGERFROMITEM>No</LEDGERFROMITEM> 
<REMOVEZEROENTRIES>No</REMOVEZEROENTRIES> 
<ISPARTYLEDGER>Yes</ISPARTYLEDGER> 
<AMOUNT>1571.00</AMOUNT> 
</ALLLEDGERENTRIES.LIST>
<ALLLEDGERENTRIES.LIST>
<LEDGERNAME>04</LEDGERNAME> 
<GSTCLASS /> 
<ISDEEMEDPOSITIVE>NO</ISDEEMEDPOSITIVE> 
<LEDGERFROMITEM>No</LEDGERFROMITEM> 
<REMOVEZEROENTRIES>No</REMOVEZEROENTRIES> 
<ISPARTYLEDGER>Yes</ISPARTYLEDGER> 
<AMOUNT>0.00</AMOUNT> 
</ALLLEDGERENTRIES.LIST>
<ALLLEDGERENTRIES.LIST>
<LEDGERNAME>Vatav Kasar</LEDGERNAME> 
<GSTCLASS /> 
<ISDEEMEDPOSITIVE>NO</ISDEEMEDPOSITIVE> 
<LEDGERFROMITEM>No</LEDGERFROMITEM> 
<REMOVEZEROENTRIES>No</REMOVEZEROENTRIES> 
<ISPARTYLEDGER>Yes</ISPARTYLEDGER> 
<AMOUNT>2.00</AMOUNT> 
</ALLLEDGERENTRIES.LIST>
</VOUCHER>
</TALLYMESSAGE>
<TALLYMESSAGE xmlns:UDF="TallyUDF">
<VOUCHER REMOTEID="c4aab193-f0e4-4462-8e73-304da9931651-000026de" VCHTYPE="Sales" ACTION="Create">
<DATE>26/07/17</DATE>
<NARRATION>Auto on 19/08/17 Party : SANJAY ENTERPRISES.</NARRATION>
<VOUCHERTYPENAME>Sales</VOUCHERTYPENAME>
<VOUCHERNUMBER>012002</VOUCHERNUMBER>
<PARTYLEDGERNAME>SANJAY ENTERPRISES.</PARTYLEDGERNAME>
  <CSTFORMISSUETYPE /> 
  <CSTFORMRECVTYPE /> 
  <FBTPAYMENTTYPE>Default</FBTPAYMENTTYPE> 
  <VCHGSTCLASS /> 
  <DIFFACTUALQTY>No</DIFFACTUALQTY> 
  <AUDITED>No</AUDITED> 
  <FORJOBCOSTING>No</FORJOBCOSTING> 
  <ISOPTIONAL>NO</ISOPTIONAL> 
  <EFFECTIVEDATE>26/07/17</EFFECTIVEDATE> 
  <USEFORINTEREST>No</USEFORINTEREST> 
  <USEFORGAINLOSS>No</USEFORGAINLOSS> 
  <USEFORGODOWNTRANSFER>No</USEFORGODOWNTRANSFER> 
  <USEFORCOMPOUND>No</USEFORCOMPOUND> 
  <ALTERID></ALTERID> 
  <EXCISEOPENING>No</EXCISEOPENING> 
  <ISCANCELLED>NO</ISCANCELLED> 
  <HASCASHFLOW>No</HASCASHFLOW> 
  <ISPOSTDATED>NO</ISPOSTDATED> 
  <USETRACKINGNUMBER>NO</USETRACKINGNUMBER> 
  <ISINVOICE>No</ISINVOICE> 
  <MFGJOURNAL>No</MFGJOURNAL> 
  <HASDISCOUNTS>No</HASDISCOUNTS> 
  <ASPAYSLIP>No</ASPAYSLIP> 
  <ISDELETED>No</ISDELETED> 
  <ASORIGINAL>No</ASORIGINAL> 
<ALLLEDGERENTRIES.LIST>
<LEDGERNAME>SANJAY ENTERPRISES.</LEDGERNAME> 
<GSTCLASS /> 
<ISDEEMEDPOSITIVE>YES</ISDEEMEDPOSITIVE> 
<LEDGERFROMITEM>No</LEDGERFROMITEM> 
<REMOVEZEROENTRIES>No</REMOVEZEROENTRIES> 
<ISPARTYLEDGER>Yes</ISPARTYLEDGER> 
<AMOUNT>-4092.00</AMOUNT> 
    <BILLALLOCATIONS.LIST>
      <NAME>012002</NAME> 
      <BILLCREDITPERIOD>0Days</BILLCREDITPERIOD> 
      <BILLTYPE>New Ref</BILLTYPE> 
      <AMOUNT>-4092.00</AMOUNT> 
    </BILLALLOCATIONS.LIST>
</ALLLEDGERENTRIES.LIST>
<ALLLEDGERENTRIES.LIST>
<LEDGERNAME>01</LEDGERNAME> 
<GSTCLASS /> 
<ISDEEMEDPOSITIVE>NO</ISDEEMEDPOSITIVE> 
<LEDGERFROMITEM>No</LEDGERFROMITEM> 
<REMOVEZEROENTRIES>No</REMOVEZEROENTRIES> 
<ISPARTYLEDGER>Yes</ISPARTYLEDGER> 
<AMOUNT>3467.00</AMOUNT> 
</ALLLEDGERENTRIES.LIST>
<ALLLEDGERENTRIES.LIST>
<LEDGERNAME>04</LEDGERNAME> 
<GSTCLASS /> 
<ISDEEMEDPOSITIVE>NO</ISDEEMEDPOSITIVE> 
<LEDGERFROMITEM>No</LEDGERFROMITEM> 
<REMOVEZEROENTRIES>No</REMOVEZEROENTRIES> 
<ISPARTYLEDGER>Yes</ISPARTYLEDGER> 
<AMOUNT>0.00</AMOUNT> 
</ALLLEDGERENTRIES.LIST>
<ALLLEDGERENTRIES.LIST>
<LEDGERNAME>Vatav Kasar</LEDGERNAME> 
<GSTCLASS /> 
<ISDEEMEDPOSITIVE>NO</ISDEEMEDPOSITIVE> 
<LEDGERFROMITEM>No</LEDGERFROMITEM> 
<REMOVEZEROENTRIES>No</REMOVEZEROENTRIES> 
<ISPARTYLEDGER>Yes</ISPARTYLEDGER> 
<AMOUNT>1.00</AMOUNT> 
</ALLLEDGERENTRIES.LIST>
</VOUCHER>
</TALLYMESSAGE>
<TALLYMESSAGE xmlns:UDF="TallyUDF">
<VOUCHER REMOTEID="c4aab193-f0e4-4462-8e73-304da9931651-000026de" VCHTYPE="Sales" ACTION="Create">
<DATE>29/07/17</DATE>
<NARRATION>Auto on 19/08/17 Party : SIDDHANT CO-OP.HSG.SOC.LTD.</NARRATION>
<VOUCHERTYPENAME>Sales</VOUCHERTYPENAME>
<VOUCHERNUMBER>012003</VOUCHERNUMBER>
<PARTYLEDGERNAME>SIDDHANT CO-OP.HSG.SOC.LTD.</PARTYLEDGERNAME>
  <CSTFORMISSUETYPE /> 
  <CSTFORMRECVTYPE /> 
  <FBTPAYMENTTYPE>Default</FBTPAYMENTTYPE> 
  <VCHGSTCLASS /> 
  <DIFFACTUALQTY>No</DIFFACTUALQTY> 
  <AUDITED>No</AUDITED> 
  <FORJOBCOSTING>No</FORJOBCOSTING> 
  <ISOPTIONAL>NO</ISOPTIONAL> 
  <EFFECTIVEDATE>29/07/17</EFFECTIVEDATE> 
  <USEFORINTEREST>No</USEFORINTEREST> 
  <USEFORGAINLOSS>No</USEFORGAINLOSS> 
  <USEFORGODOWNTRANSFER>No</USEFORGODOWNTRANSFER> 
  <USEFORCOMPOUND>No</USEFORCOMPOUND> 
  <ALTERID></ALTERID> 
  <EXCISEOPENING>No</EXCISEOPENING> 
  <ISCANCELLED>NO</ISCANCELLED> 
  <HASCASHFLOW>No</HASCASHFLOW> 
  <ISPOSTDATED>NO</ISPOSTDATED> 
  <USETRACKINGNUMBER>NO</USETRACKINGNUMBER> 
  <ISINVOICE>No</ISINVOICE> 
  <MFGJOURNAL>No</MFGJOURNAL> 
  <HASDISCOUNTS>No</HASDISCOUNTS> 
  <ASPAYSLIP>No</ASPAYSLIP> 
  <ISDELETED>No</ISDELETED> 
  <ASORIGINAL>No</ASORIGINAL> 
<ALLLEDGERENTRIES.LIST>
<LEDGERNAME>SIDDHANT CO-OP.HSG.SOC.LTD.</LEDGERNAME> 
<GSTCLASS /> 
<ISDEEMEDPOSITIVE>YES</ISDEEMEDPOSITIVE> 
<LEDGERFROMITEM>No</LEDGERFROMITEM> 
<REMOVEZEROENTRIES>No</REMOVEZEROENTRIES> 
<ISPARTYLEDGER>Yes</ISPARTYLEDGER> 
<AMOUNT>-5538.00</AMOUNT> 
    <BILLALLOCATIONS.LIST>
      <NAME>012003</NAME> 
      <BILLCREDITPERIOD>0Days</BILLCREDITPERIOD> 
      <BILLTYPE>New Ref</BILLTYPE> 
      <AMOUNT>-5538.00</AMOUNT> 
    </BILLALLOCATIONS.LIST>
</ALLLEDGERENTRIES.LIST>
<ALLLEDGERENTRIES.LIST>
<LEDGERNAME>01</LEDGERNAME> 
<GSTCLASS /> 
<ISDEEMEDPOSITIVE>NO</ISDEEMEDPOSITIVE> 
<LEDGERFROMITEM>No</LEDGERFROMITEM> 
<REMOVEZEROENTRIES>No</REMOVEZEROENTRIES> 
<ISPARTYLEDGER>Yes</ISPARTYLEDGER> 
<AMOUNT>4692.00</AMOUNT> 
</ALLLEDGERENTRIES.LIST>
<ALLLEDGERENTRIES.LIST>
<LEDGERNAME>04</LEDGERNAME> 
<GSTCLASS /> 
<ISDEEMEDPOSITIVE>NO</ISDEEMEDPOSITIVE> 
<LEDGERFROMITEM>No</LEDGERFROMITEM> 
<REMOVEZEROENTRIES>No</REMOVEZEROENTRIES> 
<ISPARTYLEDGER>Yes</ISPARTYLEDGER> 
<AMOUNT>0.00</AMOUNT> 
</ALLLEDGERENTRIES.LIST>
</VOUCHER>
</TALLYMESSAGE>
  </REQUESTDATA>
  </IMPORTDATA>
  </BODY>
  </ENVELOPE>